title,price,option_suffix,sale_price,regular_price,regoptiondesc,saving,offer_valid,comparative_text,sale_option
Huggies Ultra Dry Nappies Pk 30-54,$17.00,,,$5.00,Save,$5.00,Offer valid Wed 16 Oct - Tue 22 Oct 2024,NA,NA
BabyLove Nappy Pants Pk 42-56,$24.00,,,$7.00,Save,$7.00,Offer valid Wed 16 Oct - Tue 22 Oct 2024,NA,NA
Little Bellies Melts 20g,$4.50,,,$2.00,Save,$2.00,Offer valid Wed 16 Oct - Tue 22 Oct 2024,$22.50 per 100g,NA
Macro Organic Baby Food Pouch 120g,$7.00,,,$1.00,Save,$1.00,Offer valid Wed 16 Oct - Tue 22 Oct 2024,$1.17 per 100g,Any 5 for
Huggies Baby Wipes Pk 400,$12.50,,,$5.50,Save,$5.50,Offer valid Wed 16 Oct - Tue 22 Oct 2024,$3.13 per 100 ea,NA
La Famiglia Garlic Slices 270g – From the Fridge,$3.25,,,$3.25,"1/2 Price, Save",$3.25,Offer valid Wed 16 Oct - Tue 22 Oct 2024,$1.20 per 100g,NA
Bread Roll Varieties Pk 6# – Excludes Jumbo & Brioche Roll Varieties,$2.85,,,NA,Everyday Low Price,NA,Offer valid Wed 16 Oct - Tue 22 Oct 2024,48¢ per ea,NA
Woolworths Australian Baked Fruit Mince Pies or Summer Berry Pies Pk 6,$5.50,,,NA,NA,NA,Offer valid Wed 16 Oct - Tue 22 Oct 2024,92¢ per ea,NA
Crafted Sourdough Seven Grains Loaf#,$7.00,,,$0.50,Save,$0.50,Offer valid Wed 16 Oct - Tue 22 Oct 2024,NA,NA
Mission Mini Wraps 384g Pk 8,$4.50,,,$1.00,Save,$1.00,Offer valid Wed 16 Oct - Tue 22 Oct 2024,$1.17 per 100g,NA
Woolworths Large Butter Croissant Pk 10#,$8.00,,,$1.00,Save,$1.00,Offer valid Wed 16 Oct - Tue 22 Oct 2024,80¢ per ea,NA
Plantitude Granola Cookies Pk 5,$3.50,,,$0.50,Save,$0.50,Offer valid Wed 16 Oct - Tue 22 Oct 2024,70¢ per ea,NA
Woolworths Lamingtons Pk 6-18,$3.70,,,NA,Everyday Low Price,NA,Offer valid Wed 16 Oct - Tue 22 Oct 2024,NA,NA
Jumbo Bread Roll Varieties Pk 6# – Excludes Jumbo Brioche Rolls,$3.20,,,NA,Everyday Low Price,NA,Offer valid Wed 16 Oct - Tue 22 Oct 2024,53¢ per ea,NA
Mission Wraps Soft & Fluffy 450g Pk 12,$4.50,,,NA,Everyday Low Price,NA,Offer valid Wed 16 Oct - Tue 22 Oct 2024,$1 per 100g,NA
Woolworths Muffins Pk 4 or 8,$4.90,,,NA,Everyday Low Price,NA,Offer valid Wed 16 Oct - Tue 22 Oct 2024,NA,NA
Global Bakehouse Value Garlic Bread 450g – From the Fridge,$2.30,,,NA,Everyday Low Price,NA,Offer valid Wed 16 Oct - Tue 22 Oct 2024,51¢ per 100g,NA
Tip Top Thins Varieties 200-240g Pk 6,$3.00,,,$3.90,Range was,$3.90,Offer valid Wed 16 Oct - Tue 22 Oct 2024,NA,NA
Mission Pita Pockets 420g,$3.50,,,$4.40,Range was,$4.40,Offer valid Wed 16 Oct - Tue 22 Oct 2024,83¢ per 100g,NA
Woolworths Pumpkin Spice Mudcake 600g,$7.00,,,NA,NA,NA,Offer valid Wed 16 Oct - Tue 22 Oct 2024,$1.17 per 100g,NA
Mini Scroll Varieties Pk 6#,$4.50,,,$0.50,Save,$0.50,Offer valid Wed 16 Oct - Tue 22 Oct 2024,75¢ per ea,NA
Dolce Segreto Mini Panettone 100g,$5.00,,,NA,NA,NA,Offer valid Wed 16 Oct - Tue 22 Oct 2024,$5 per 100g,NA
Dolce Segreto Mini Choc Chip Panettone 100g,$5.00,,,NA,NA,NA,Offer valid Wed 16 Oct - Tue 22 Oct 2024,$5 per 100g,NA
Dolce Segreto Mini Pandoro 80g,$5.00,,,NA,NA,NA,Offer valid Wed 16 Oct - Tue 22 Oct 2024,$6.25 per 100g,NA
Dolce Segreto Traditional Panettone 900g,$16.50,,,NA,NA,NA,Offer valid Wed 16 Oct - Tue 22 Oct 2024,$1.83 per 100g,NA
Dolce Segreto Choc Chip Panettone 750g,$18.00,,,NA,NA,NA,Offer valid Wed 16 Oct - Tue 22 Oct 2024,$2.40 per 100g,NA
Dolce Segreto Pandoro 1 kg,$19.00,,,NA,NA,NA,Offer valid Wed 16 Oct - Tue 22 Oct 2024,$1.90 per 100g,NA
Woolworths Wholegrain Wraps 360g Pk 8,$2.40,,,NA,Everyday Low Price,NA,Offer valid Wed 16 Oct - Tue 22 Oct 2024,67¢ per 100g,NA
Betty Crocker Cake Mixes 370g or 450g – Excludes Gluten Free,$3.80,,,$2.20,Save,$2.20,Offer valid Wed 16 Oct - Tue 22 Oct 2024,NA,NA
Betty Crocker Treats Baking Mixes 310-510g – Excludes Gluten Free,$4.50,,,$2.50,Save,$2.50,Offer valid Wed 16 Oct - Tue 22 Oct 2024,NA,NA
Nivea Rich Nourishing Body Lotion 400ml,$4.75,,,$4.75,"1/2 Price, Save",$4.75,Offer valid Wed 16 Oct - Tue 22 Oct 2024,$1.19 per 100ml,NA
Nivea Protect & Moisture Lock SPF50+ Sunscreen Lotion 100ml†,$7.50,,,$7.50,"1/2 Price, Save",$7.50,Offer valid Wed 16 Oct - Tue 22 Oct 2024,$7.50 per 100ml,NA
Nivea Hydro Care Lip Balm with SPF15 4.8g†,$2.50,,,$2.50,"1/2 Price, Save",$2.50,Offer valid Wed 16 Oct - Tue 22 Oct 2024,$5.21 per 10g,NA
Nivea Antiperspirant Roll On Deodorant 50ml,$2.50,,,$2.50,"1/2 Price, Save",$2.50,Offer valid Wed 16 Oct - Tue 22 Oct 2024,$5 per 100ml,NA
Banana Boat Sport Sunscreen Lotion SPF50+ 100g†,$6.85,,,$6.90,"1/2 Price, Save",$6.90,Offer valid Wed 16 Oct - Tue 22 Oct 2024,$6.85 per 100g,NA
Banana Boat Kids Trigger Sunscreen Lotion SPF50+ 240ml†,$11.00,,,$11.00,"1/2 Price, Save",$11.00,Offer valid Wed 16 Oct - Tue 22 Oct 2024,$4.58 per 100ml,NA
Banana Boat Ultra Sunscreen Spray SPF50+ 175g†,$11.00,,,$11.00,"1/2 Price, Save",$11.00,Offer valid Wed 16 Oct - Tue 22 Oct 2024,$6.29 per 100g,NA
Banana Boat Moisturising Sunscreen Lotion SPF50+ 200g†,$9.50,,,$9.50,"1/2 Price, Save",$9.50,Offer valid Wed 16 Oct - Tue 22 Oct 2024,$4.75 per 100g,NA
Head & Shoulders Shampoo or Conditioner 660ml,$10.50,,,$10.50,"1/2 Price, Save",$10.50,Offer valid Wed 16 Oct - Tue 22 Oct 2024,$1.59 per 100ml,NA
Neutrogena Visible Repair Regenerating Cream 50g,$27.50,,,$27.50,"1/2 Price, Save",$27.50,Offer valid Wed 16 Oct - Tue 22 Oct 2024,$55 per 100g,NA
Neutrogena Ultra Sheer Face Lotion Sunscreen SPF50 88ml†,$11.00,,,$11.00,"1/2 Price, Save",$11.00,Offer valid Wed 16 Oct - Tue 22 Oct 2024,$12.50 per 100ml,NA
Clairol Natural Instincts Hair Colour,$10.00,,,$10.00,"1/2 Price, Save",$10.00,Offer valid Wed 16 Oct - Tue 22 Oct 2024,$10 per ea,NA
Slick Stick Hair Wand 10ml or Wax Stick 50g,$12.50,,,$12.50,"1/2 Price, Save",$12.50,Offer valid Wed 16 Oct - Tue 22 Oct 2024,NA,NA
Bondi Sands 1 Hour Express Tan 225ml,$13.50,,,$13.50,"1/2 Price, Save",$13.50,Offer valid Wed 16 Oct - Tue 22 Oct 2024,$6 per 100ml,NA
Gillette ProGlide 5 Razor,$19.60,,,$8.40,Save,$8.40,Offer valid Wed 16 Oct - Tue 22 Oct 2024,$19.60 per ea,NA
Aveeno Intense Relief Hand Cream 100g,$6.50,,,$6.50,"1/2 Price, Save",$6.50,Offer valid Wed 16 Oct - Tue 22 Oct 2024,$6.50 per 100g,NA
Glow Lab Body Wash or Hand Wash Refill 900ml,$9.00,,,$9.00,"1/2 Price, Save",$9.00,Offer valid Wed 16 Oct - Tue 22 Oct 2024,$1 per 100ml,NA
Oral-B Pro-Health Whitening Toothpaste 110g,$2.75,,,$2.75,"1/2 Price, Save",$2.75,Offer valid Wed 16 Oct - Tue 22 Oct 2024,$2.50 per 100g,NA
Johnson’s Body Wash 1 Litre,$6.00,,,$6.00,"1/2 Price, Save",$6.00,Offer valid Wed 16 Oct - Tue 22 Oct 2024,60¢ per 100ml,NA
Gillette Venus Deluxe Smooth Platinum Razor,$11.50,,,$11.50,"1/2 Price, Save",$11.50,Offer valid Wed 16 Oct - Tue 22 Oct 2024,$11.50 per ea,NA
Sensodyne Repair & Protect Whitening Toothpaste 100gΔ,$7.35,,,$4.95,"40% off, Save",$4.95,Offer valid Wed 16 Oct - Tue 22 Oct 2024,$7.35 per 100g,NA
Maybelline Instant Age Rewind Eraser Concealer 6ml,$13.80,,,$9.20,"40% off, Save",$9.20,Offer valid Wed 16 Oct - Tue 22 Oct 2024,$23 per 10ml,NA
Maybelline Lash Sensational Sky High Mascara 7.2ml,$10.00,,,$16.00,"Better than 1/2 Price, Save",$16.00,Offer valid Wed 16 Oct - Tue 22 Oct 2024,$13.89 per 10ml,NA
MCoBeauty XtendLash Mascara 7ml,$10.00,,,$18.00,"Better than 1/2 Price, Save",$18.00,Offer valid Wed 16 Oct - Tue 22 Oct 2024,$14.29 per 10ml,NA
Revlon ColorStay Xtensionnaire Mascara 7ml,$10.00,,,$15.00,"Better than 1/2 Price, Save",$15.00,Offer valid Wed 16 Oct - Tue 22 Oct 2024,$14.29 per 10ml,NA
Rimmel London Wonder Extension Effect Mascara 11ml,$10.00,,,$13.00,"Better than 1/2 Price, Save",$13.00,Offer valid Wed 16 Oct - Tue 22 Oct 2024,$9.09 per 10ml,NA
Maybelline The Falsies Surreal Mascara 10ml,$10.00,,,$18.00,"Better than 1/2 Price, Save",$18.00,Offer valid Wed 16 Oct - Tue 22 Oct 2024,$10 per 10ml,NA
Manicare Precision Tweezers,$6.75,,,$6.75,"1/2 Price, Save",$6.75,Offer valid Wed 16 Oct - Tue 22 Oct 2024,$6.75 per ea,NA
Sally Hansen Miracle Gel 14.7ml,$9.50,,,$9.50,"1/2 Price, Save",$9.50,Offer valid Wed 16 Oct - Tue 22 Oct 2024,$6.46 per 10ml,NA
Booby Tape 5 Metre Roll,$11.00,,,$11.00,"1/2 Price, Save",$11.00,Offer valid Wed 16 Oct - Tue 22 Oct 2024,$11 per ea,NA
Aveeno Shampoo or Conditioner 354ml,$9.75,,,$9.75,"1/2 Price, Save",$9.75,Offer valid Wed 16 Oct - Tue 22 Oct 2024,$2.75 per 100ml,NA
OGX Shampoo or Conditioner 385ml,$11.50,,,$11.50,"1/2 Price, Save",$11.50,Offer valid Wed 16 Oct - Tue 22 Oct 2024,$2.99 per 100ml,NA
Thanks To Nature Double Edge Safety Razor,$12.00,,,$12.00,"1/2 Price, Save",$12.00,Offer valid Wed 16 Oct - Tue 22 Oct 2024,$12 per ea,NA
Femfresh Sensitive Wash 250ml,$5.25,,,$2.25,"30% off, Save",$2.25,Offer valid Wed 16 Oct - Tue 22 Oct 2024,$2.10 per 100ml,NA
NEW Sub Zero Alcoholic Cola Cans 4x375ml,$20.00,,,NA,NA,NA,Offer valid Wed 16 Oct - Tue 22 Oct 2024,NA,NA
NEW Smirnoff Crush Mango & Peach Cans 4x440ml,$28.00,,,NA,NA,NA,Offer valid Wed 16 Oct - Tue 22 Oct 2024,NA,NA
NEW Billson’s Vodka & Sour Peach Cans 4x355ml,$28.00,,,NA,NA,NA,Offer valid Wed 16 Oct - Tue 22 Oct 2024,NA,NA
NEW Kirin Hyoketsu Variety Pack Cans 10x330ml,$52.00,,,NA,NA,NA,Offer valid Wed 16 Oct - Tue 22 Oct 2024,NA,NA
Coopers Pale Ale Cans 6x375ml,$35.00,,,NA,Bundle,NA,Offer valid Wed 16 Oct - Tue 22 Oct 2024,NA,2 for
Byron Bay Ultra Zero Carb Bottles 6x330ml,$35.00,,,NA,Bundle,NA,Offer valid Wed 16 Oct - Tue 22 Oct 2024,NA,2 for
Brookvale Union Ginger Beer Cans 6x330ml,$28.00,,,$31.50,Super Saver,$31.50,Offer valid Wed 16 Oct - Tue 22 Oct 2024,NA,NA
Coopers Mild Ale Cans 24x375ml,$55.00,,,$59.00,Super Saver,$59.00,Offer valid Wed 16 Oct - Tue 22 Oct 2024,NA,NA
Rodenbach Fruitage Beer Cans 4x330ml,$17.00,,,NA,NA,NA,Offer valid Wed 16 Oct - Tue 22 Oct 2024,NA,NA
Carlton Draught with Lemonade Bottles 24x330ml,$48.00,,,NA,NA,NA,Offer valid Wed 16 Oct - Tue 22 Oct 2024,NA,NA
Carlton Dry Ultra Low Carb Bottles 24x330ml,$56.00,,,$3.00,Save,$3.00,Offer valid Wed 16 Oct - Tue 22 Oct 2024,NA,NA
Hahn Ultra Zero Carb Bottles 24x330ml,$57.00,,,$4.00,Save,$4.00,Offer valid Wed 16 Oct - Tue 22 Oct 2024,NA,NA
"Cape Campbell Marlborough Sauvignon Blanc, Metamorphosis King Valley Rose, On Song Sauvignon Blanc, Rangers Lookout King Valley Pinot Grigio, Small Yet Mighty Shiraz OR The Bullocker Fleurieu Peninsula Merlot 750ml",$22.00,,,$18.00,Mix or Match,$18.00,Offer valid Wed 16 Oct - Tue 22 Oct 2024,NA,Any 2 for
Cottonwood Grove Semillon Sauvignon Blanc Cask 4 Litre,$17.00,,,$2.00,Save,$2.00,Offer valid Wed 16 Oct - Tue 22 Oct 2024,NA,NA
Grant Burge Pinot Chardonnay 750ml,$20.00,,,$7.00,Save,$7.00,Offer valid Wed 16 Oct - Tue 22 Oct 2024,NA,NA
Smirnoff Red Vodka 700ml,$90.00,,,$16.00,Bundle,$16.00,Offer valid Wed 16 Oct - Tue 22 Oct 2024,NA,2 for
Chivas Regal Scotch Whisky 700ml,$110.00,,,$26.00,Bundle,$26.00,Offer valid Wed 16 Oct - Tue 22 Oct 2024,NA,2 for
Buffalo Trace Bourbon 700ml,$120.00,,,$28.00,Bundle,$28.00,Offer valid Wed 16 Oct - Tue 22 Oct 2024,NA,2 for
Baileys Irish Cream 1 Litre,$50.00,,,$10.00,Save,$10.00,Offer valid Wed 16 Oct - Tue 22 Oct 2024,NA,NA
Hendrick’s Neptunia Gin 700ml,$73.00,,,$14.00,Save,$14.00,Offer valid Wed 16 Oct - Tue 22 Oct 2024,NA,NA
Uncle Tobys Muesli Bars 185g Pk 6 or Le Snak 132g Pk 6,$2.75,,,$2.75,"1/2 Price, Save",$2.75,Offer valid Wed 16 Oct - Tue 22 Oct 2024,NA,NA
Pringles Potato Chips 118-134g,$2.75,,,$2.75,"1/2 Price, Save",$2.75,Offer valid Wed 16 Oct - Tue 22 Oct 2024,NA,NA
Uncle Tobys Le Snak 132g Pk 6,$2.75,,,$2.75,"1/2 Price, Save",$2.75,Offer valid Wed 16 Oct - Tue 22 Oct 2024,$2.08 per 100g,NA
Uncle Tobys Roll-Ups 94g Pk 6,$2.75,,,$2.75,"1/2 Price, Save",$2.75,Offer valid Wed 16 Oct - Tue 22 Oct 2024,$2.93 per 100g,NA
Fantastic Delites Oven Baked Crinkle Cut Snacks 100g,$1.40,,,$1.40,"1/2 Price, Save",$1.40,Offer valid Wed 16 Oct - Tue 22 Oct 2024,$1.40 per 100g,NA
Oreo Mini Cookies Multipack 204g Pk 10,$2.50,,,$2.50,"1/2 Price, Save",$2.50,Offer valid Wed 16 Oct - Tue 22 Oct 2024,$1.23 per 100g,NA
French Fries Crunchy Potato Straws 175g,$2.50,,,$2.50,"1/2 Price, Save",$2.50,Offer valid Wed 16 Oct - Tue 22 Oct 2024,$1.43 per 100g,NA
McVitie’s Digestives Fully Coated Biscuits Pk 8 158g or McVitie’s Hobnobs Fully Coated Oat Snap Cookies Pk 8 158g,$2.00,,,$2.00,"1/2 Price, Save",$2.00,Offer valid Wed 16 Oct - Tue 22 Oct 2024,$1.27 per 100g,NA
McVitie’s Hobnobs Milk or Dark Chocolate 262g,$2.20,,,$2.20,"1/2 Price, Save",$2.20,Offer valid Wed 16 Oct - Tue 22 Oct 2024,84¢ per 100g,NA
Real Food Corn Thins 125-150g,$1.05,,,$1.05,"1/2 Price, Save",$1.05,Offer valid Wed 16 Oct - Tue 22 Oct 2024,NA,NA
"Red Rock Deli Potato Chips 50g, Smith’s Crinkle Cut Potato Chips 60g or Doritos Corn Chips 60g",$1.35,,,$1.35,"1/2 Price, Save",$1.35,Offer valid Wed 16 Oct - Tue 22 Oct 2024,NA,NA
"Twisties, Cheetos or Burger Ring Snacks 65-90g",$1.35,,,$1.35,"1/2 Price, Save",$1.35,Offer valid Wed 16 Oct - Tue 22 Oct 2024,NA,NA
Arnott’s Treatles 90g,$3.00,,,$3.00,"1/2 Price, Save",$3.00,Offer valid Wed 16 Oct - Tue 22 Oct 2024,$3.33 per 100g,NA
Woolworths Dry Roasted Almonds 400g Pack,$6.30,,,$1.40,Save,$1.40,Offer valid Wed 16 Oct - Tue 22 Oct 2024,$15.75 per kg,NA
Woolworths Australian Baked Fruit Mince Pies or Summer Berry Pies Pk 6,$5.50,,,NA,NA,NA,Offer valid Wed 16 Oct - Tue 22 Oct 2024,92¢ per ea,NA
Mainland On The Go Cheese & Crackers 120g or Mainland Munchables Tasty Cheese & Crackers 120g,$5.60,,,$1.40,Save,$1.40,Offer valid Wed 16 Oct - Tue 22 Oct 2024,$46.67 per kg,NA
Primo Reserve Snacking 45g,$3.50,,,$1.00,Save,$1.00,Offer valid Wed 16 Oct - Tue 22 Oct 2024,$77.78 per kg,NA
Primo Paw Patrol Snacking 38g,$3.00,,,$0.50,Save,$0.50,Offer valid Wed 16 Oct - Tue 22 Oct 2024,$78.95 per kg,NA
Mainland Cheese Cracker Cuts 120g – From the Fridge,$5.40,,,$6.00,Range was,$6.00,Offer valid Wed 16 Oct - Tue 22 Oct 2024,$45 per kg,NA
Bega Tasty Cheese & Crackers 112g Pk 4 – From the Fridge,$6.30,,,$7.00,Was,$7.00,Offer valid Wed 16 Oct - Tue 22 Oct 2024,$56.25 per kg,NA
Vege Chips 100g – From the Health Food Aisle,$3.40,,,$1.50,Save,$1.50,Offer valid Wed 16 Oct - Tue 22 Oct 2024,$3.40 per 100g,NA
Arnott’s Tiny Teddy Variety Multipack Biscuits 375g Pk 15,$6.50,,,NA,Everyday Low Price,NA,Offer valid Wed 16 Oct - Tue 22 Oct 2024,$1.73 per 100g,NA
Thins Potato Chips 150-175g,$3.00,,,$2.00,"40% off, Save",$2.00,Offer valid Wed 16 Oct - Tue 22 Oct 2024,NA,NA
Uncle Tobys Muesli Bars 185g Pk 6 or Le Snak 132g Pk 6,$2.75,,,$2.75,"1/2 Price, Save",$2.75,Offer valid Wed 16 Oct - Tue 22 Oct 2024,NA,NA
Kellogg’s Nutri-Grain 765g,$5.40,,,$5.40,"1/2 Price, Save",$5.40,Offer valid Wed 16 Oct - Tue 22 Oct 2024,71¢ per 100g,NA
Uncle Tobys Muesli Bars 185g Pk 6,$2.75,,,$2.75,"1/2 Price, Save",$2.75,Offer valid Wed 16 Oct - Tue 22 Oct 2024,$1.49 per 100g,NA
Uncle Tobys Roll-Ups 94g Pk 6,$2.75,,,$2.75,"1/2 Price, Save",$2.75,Offer valid Wed 16 Oct - Tue 22 Oct 2024,$2.93 per 100g,NA
Kellogg’s Nutri-Grain Protein Crunch 500g,$5.00,,,$5.00,"1/2 Price, Save",$5.00,Offer valid Wed 16 Oct - Tue 22 Oct 2024,$1 per 100g,NA
Kellogg’s Coco Pops 650g,$5.00,,,$5.00,"1/2 Price, Save",$5.00,Offer valid Wed 16 Oct - Tue 22 Oct 2024,77¢ per 100g,NA
Kellogg’s Froot Loops 460g,$5.00,,,$5.00,"1/2 Price, Save",$5.00,Offer valid Wed 16 Oct - Tue 22 Oct 2024,$1.09 per 100g,NA
Kellogg’s Crunchy Nut Corn Flakes 640g,$5.00,,,$5.00,"1/2 Price, Save",$5.00,Offer valid Wed 16 Oct - Tue 22 Oct 2024,78¢ per 100g,NA
Sanitarium Weet-Bix 1.2 kg,$6.00,,,NA,Everyday Low Price,NA,Offer valid Wed 16 Oct - Tue 22 Oct 2024,50¢ per 100g,NA
Sanitarium Up & Go Liquid Breakfast Fridge Pack 12 x 250ml,$17.50,,,NA,Everyday Low Price,NA,Offer valid Wed 16 Oct - Tue 22 Oct 2024,$5.83 per litre,NA
"Jordans Muesli, Clusters or Granola 500-750g",$5.40,,,$3.60,"40% off, Save",$3.60,Offer valid Wed 16 Oct - Tue 22 Oct 2024,NA,NA
Fantastic Fresh Noodles Hokkien 450g – From the Fridge,$1.72,,,$1.73,"1/2 Price, Save",$1.73,Offer valid Wed 16 Oct - Tue 22 Oct 2024,38¢ per 100g,NA
Maggi Noodles Cup 58-65g,$1.25,,,$1.25,"1/2 Price, Save",$1.25,Offer valid Wed 16 Oct - Tue 22 Oct 2024,NA,NA
Suimin Noodle Bowl 122-137g,$2.00,,,$2.00,"1/2 Price, Save",$2.00,Offer valid Wed 16 Oct - Tue 22 Oct 2024,NA,NA
John West Salmon Tempters 95g,$1.65,,,$1.65,"1/2 Price, Save",$1.65,Offer valid Wed 16 Oct - Tue 22 Oct 2024,$17.37 per kg,NA
Passage To India Paste 150g,$1.85,,,$1.85,"1/2 Price, Save",$1.85,Offer valid Wed 16 Oct - Tue 22 Oct 2024,$1.23 per 100g,NA
Royal Feast Jasmine Rice 10 kg,$24.00,,,$24.00,"1/2 Price, Save",$24.00,Offer valid Wed 16 Oct - Tue 22 Oct 2024,24¢ per 100g,NA
Old El Paso Standard Kits 290-520g,$5.10,,,$3.40,"40% off, Save",$3.40,Offer valid Wed 16 Oct - Tue 22 Oct 2024,NA,NA
Old El Paso Premium Kits 295-418g,$5.70,,,$3.80,"40% off, Save",$3.80,Offer valid Wed 16 Oct - Tue 22 Oct 2024,NA,NA
Woolworths Canned Chicken 85g,$1.40,,,NA,Everyday Low Price,NA,Offer valid Wed 16 Oct - Tue 22 Oct 2024,$1.65 per 100g,NA
SunRice Medium Grain White Calrose Rice 1 kg,$2.25,,,$2.25,"1/2 Price, Save",$2.25,Offer valid Wed 16 Oct - Tue 22 Oct 2024,23¢ per 100g,NA
McCain Family Pizza 490-500g,$5.90,,,$2.60,Save,$2.60,Offer valid Wed 16 Oct - Tue 22 Oct 2024,NA,NA
McCain Pub Size Meals 480-500g,$7.50,,,$2.00,Save,$2.00,Offer valid Wed 16 Oct - Tue 22 Oct 2024,NA,NA
Continental Cup Soup 50-75g Pk 2,$1.65,,,$1.15,"40% off, Save",$1.15,Offer valid Wed 16 Oct - Tue 22 Oct 2024,NA,NA
Heinz Baked Beans or Spaghetti 300g,$1.90,,,$0.90,Save,$0.90,Offer valid Wed 16 Oct - Tue 22 Oct 2024,63¢ per 100g,NA
Sirena Tuna 95g,$2.30,,,$0.65,Save,$0.65,Offer valid Wed 16 Oct - Tue 22 Oct 2024,$24.21 per kg,NA
San Remo Pasta 500g,$2.30,,,$0.65,Save,$0.65,Offer valid Wed 16 Oct - Tue 22 Oct 2024,46¢ per 100g,NA
Hamper Corned Beef 340g,$6.00,,,$8.20,Was,$8.20,Offer valid Wed 16 Oct - Tue 22 Oct 2024,$17.65 per kg,NA
Macro Satay Tofu 200g – From the Fridge,$4.00,,,$4.50,Was,$4.50,Offer valid Wed 16 Oct - Tue 22 Oct 2024,$20 per kg,NA
"Mt Barker Roasted Carved Chicken Breast 220g, Mt Barker Pulled Chicken 200g or Mt Barker Peri Peri Diced Chicken Breast 250g – From the Fridge",$7.50,,,$1.00,Save,$1.00,Offer valid Wed 16 Oct - Tue 22 Oct 2024,NA,NA
Bonds Ladies’ Cushioned Low Cut Socks Assorted Pk 3,$8.00,,,$8.00,"1/2 Price, Save",$8.00,Offer valid Wed 16 Oct - Tue 22 Oct 2024,$2.67 per ea,NA
Bonds Ladies’ Hipster Boyleg Assorted Pk 2,$12.00,,,$12.00,"1/2 Price, Save",$12.00,Offer valid Wed 16 Oct - Tue 22 Oct 2024,$6 per ea,NA
Bonds Men’s Socks 1/4 Crew Sports Assorted Pk 3,$8.00,,,$8.00,"1/2 Price, Save",$8.00,Offer valid Wed 16 Oct - Tue 22 Oct 2024,$2.67 per ea,NA
Bonds Men’s Guy Front Trunk Pk 1,$12.50,,,$12.50,"1/2 Price, Save",$12.50,Offer valid Wed 16 Oct - Tue 22 Oct 2024,$12.50 per ea,NA
Red Rock Deli Dips 135g,$4.00,,,$1.00,Save,$1.00,Offer valid Wed 16 Oct - Tue 22 Oct 2024,$2.96 per 100g,NA
Chris' Homestyle Dips 200g,$7.00,,,$2.00,Save,$2.00,Offer valid Wed 16 Oct - Tue 22 Oct 2024,$1.75 per 100g,Any 2 for
Fountain Sauce 250ml,$3.00,,,$0.80,Save,$0.80,Offer valid Wed 16 Oct - Tue 22 Oct 2024,$1.20 per 100ml,NA
Praise Dressings 330ml,$3.00,,,$3.60,Range was,$3.60,Offer valid Wed 16 Oct - Tue 22 Oct 2024,91¢ per 100ml,NA
Heinz Tomato or Pickle Ketchup or Smokey Barbecue Sauce 500ml,$4.00,,,$1.00,Save,$1.00,Offer valid Wed 16 Oct - Tue 22 Oct 2024,80¢ per 100ml,NA
"Cadbury Dairy Milk, Bubbly or Marvellous Creations 150-190g",$3.00,,,$3.00,"1/2 Price, Save",$3.00,Offer valid Wed 16 Oct - Tue 22 Oct 2024,NA,NA
"Darrell Lea Liquorice Twists, Batch 37 or All Sorts 200-280g",$2.75,,,$2.75,"1/2 Price, Save",$2.75,Offer valid Wed 16 Oct - Tue 22 Oct 2024,NA,NA
Zappo Sour Chews 150g,$2.00,,,$2.00,"1/2 Price, Save",$2.00,Offer valid Wed 16 Oct - Tue 22 Oct 2024,$1.33 per 100g,NA
Cadbury Sharepacks 216-234g Pk 18,$6.00,,,NA,Everyday Low Price,NA,Offer valid Wed 16 Oct - Tue 22 Oct 2024,NA,NA
Haribo Goldbears Sharepack 200g,$5.00,,,NA,Everyday Low Price,NA,Offer valid Wed 16 Oct - Tue 22 Oct 2024,$2.50 per 100g,NA
Chupa Chups Mentos Mix of Minis 290g Pk 35,$5.00,,,NA,Everyday Low Price,NA,Offer valid Wed 16 Oct - Tue 22 Oct 2024,$1.72 per 100g,NA
The Natural Confectionery Co. Fruity Chews Lollies 350g,$5.50,,,NA,Everyday Low Price,NA,Offer valid Wed 16 Oct - Tue 22 Oct 2024,$1.57 per 100g,NA
Nice & Natural Fruit Mythical Mix 264g Pk 16,$8.00,,,NA,Everyday Low Price,NA,Offer valid Wed 16 Oct - Tue 22 Oct 2024,$3.03 per 100g,NA
Mingle Seasoning 45-50g,$2.47,,,$2.48,"1/2 Price, Save",$2.48,Offer valid Wed 16 Oct - Tue 22 Oct 2024,NA,NA
Maggi Recipe Bases 21-43g,$3.30,,,$0.40,Save,$0.40,Offer valid Wed 16 Oct - Tue 22 Oct 2024,NA,Any 2 for
Carbonell Olive Oil 1 Litre,$15.60,,,$10.40,"40% off, Save",$10.40,Offer valid Wed 16 Oct - Tue 22 Oct 2024,$1.56 per 100ml,NA
Chobani Fit High Protein Yoghurt Pot 160g – From the Fridge,$1.40,,,$1.40,"1/2 Price, Save",$1.40,Offer valid Wed 16 Oct - Tue 22 Oct 2024,88¢ per 100g,NA
Yoplait Yoghurt Varieties 100g Pk 12 – From the Fridge,$8.00,,,NA,Everyday Low Price,NA,Offer valid Wed 16 Oct - Tue 22 Oct 2024,67¢ per 100g,NA
Woolworths Swiss Cheese Slices 200g – From the Fridge,$4.90,,,NA,Everyday Low Price,NA,Offer valid Wed 16 Oct - Tue 22 Oct 2024,$24.50 per kg,NA
Rokeby Farms Protein Smoothie 425ml,$2.70,,,$1.90,"40% off, Save",$1.90,Offer valid Wed 16 Oct - Tue 22 Oct 2024,$6.35 per litre,NA
"Bega Block, Grated or Slice Cheese 250-300g",$6.00,,,$1.50,Save,$1.50,Offer valid Wed 16 Oct - Tue 22 Oct 2024,NA,NA
Mainland On The Go Cheese & Crackers 120g or Mainland Munchables Tasty Cheese & Crackers 120g,$5.60,,,$1.40,Save,$1.40,Offer valid Wed 16 Oct - Tue 22 Oct 2024,$46.67 per kg,NA
Flora Spread 500g,$3.90,,,$1.35,Save,$1.35,Offer valid Wed 16 Oct - Tue 22 Oct 2024,78¢ per 100g,NA
Gippsland Dairy Twist Yogurt 700g – From the Fridge,$6.30,,,$1.60,Save,$1.60,Offer valid Wed 16 Oct - Tue 22 Oct 2024,90¢ per 100g,NA
Tamar Valley Kids Yoghurt Pouch 110g – From the Fridge,$1.50,,,$0.90,Save,$0.90,Offer valid Wed 16 Oct - Tue 22 Oct 2024,$1.36 per 100g,NA
Danone Ultimate Double Cream Yoghurt 4 x 115g – From the Fridge,$4.00,,,$1.75,Save,$1.75,Offer valid Wed 16 Oct - Tue 22 Oct 2024,87¢ per 100g,NA
Gippsland Dairy Yoghurt Mix-Ins 140g – From the Fridge,$2.75,,,$1.10,Save,$1.10,Offer valid Wed 16 Oct - Tue 22 Oct 2024,$1.96 per 100g,NA
Mainland Cheese Cracker Cuts 120g – From the Fridge,$5.40,,,$6.00,Range was,$6.00,Offer valid Wed 16 Oct - Tue 22 Oct 2024,$45 per kg,NA
"Bega Block, Grated or Slice Cheese 250-300g – From the Fridge",$6.00,,,$1.50,Save,$1.50,Offer valid Wed 16 Oct - Tue 22 Oct 2024,NA,NA
Hillview Shredded Cheese 700g – From the Fridge,$9.50,,,NA,Everyday Low Price,NA,Offer valid Wed 16 Oct - Tue 22 Oct 2024,$13.57 per kg,NA
Essentials Table Spread 500g – From the Fridge,$2.20,,,NA,Everyday Low Price,NA,Offer valid Wed 16 Oct - Tue 22 Oct 2024,44¢ per 100g,NA
Woolworths Whipped Cream 250g – From the Fridge,$5.60,,,NA,Everyday Low Price,NA,Offer valid Wed 16 Oct - Tue 22 Oct 2024,$2.24 per 100g,NA
Dairy Farmers Thick & Creamy Yoghurt Pots 140-150g – From the Fridge,$1.70,,,$2.60,Range was,$2.60,Offer valid Wed 16 Oct - Tue 22 Oct 2024,NA,NA
Vaalia Probiotics Kids Yoghurt Pouch 140g – From the Fridge,$2.00,,,$2.40,Range was,$2.40,Offer valid Wed 16 Oct - Tue 22 Oct 2024,$1.43 per 100g,NA
Jarlsberg Original Cheese Block 250g – From the Deli,$9.45,,,$10.50,Was,$10.50,Offer valid Wed 16 Oct - Tue 22 Oct 2024,$37.80 per kg,NA
Woolworths Light Tasty Shredded Cheese 500g – From the Fridge,$7.10,,,NA,Everyday Low Price,NA,Offer valid Wed 16 Oct - Tue 22 Oct 2024,$14.20 per kg,NA
Chobani Fit High Protein Yoghurt Pot 160g – From the Fridge,$1.40,,,$1.40,"1/2 Price, Save",$1.40,Offer valid Wed 16 Oct - Tue 22 Oct 2024,88¢ per 100g,NA
Fantastic Fresh Noodles Hokkien 450g – From the Fridge,$1.72,,,$1.73,"1/2 Price, Save",$1.73,Offer valid Wed 16 Oct - Tue 22 Oct 2024,38¢ per 100g,NA
La Famiglia Garlic Slices 270g – From the Fridge,$3.25,,,$3.25,"1/2 Price, Save",$3.25,Offer valid Wed 16 Oct - Tue 22 Oct 2024,$1.20 per 100g,NA
Woolworths Fruit Puree in Pouch 90g,$0.95,,,NA,Everyday Low Price,NA,Offer valid Wed 16 Oct - Tue 22 Oct 2024,$1.06 per 100g,NA
Yoplait Yoghurt Varieties 100g Pk 12 – From the Fridge,$8.00,,,NA,Everyday Low Price,NA,Offer valid Wed 16 Oct - Tue 22 Oct 2024,67¢ per 100g,NA
Woolworths Swiss Cheese Slices 200g – From the Fridge,$4.90,,,NA,Everyday Low Price,NA,Offer valid Wed 16 Oct - Tue 22 Oct 2024,$24.50 per kg,NA
Primo Sliced Meats 80-100g – From the Fridge,$3.00,,,$0.95,Save,$0.95,Offer valid Wed 16 Oct - Tue 22 Oct 2024,NA,NA
Don Cocktail or Thin Frankfurts – From the Deli,$7.90,,,$1.60,Save,$1.60,Offer valid Wed 16 Oct - Tue 22 Oct 2024,79¢ per 100g,NA
D’Orsogna Middle Bacon Rashers – From the Deli,$13.50,,,$3.50,Save,$3.50,Offer valid Wed 16 Oct - Tue 22 Oct 2024,$1.35 per 100g,NA
D’Orsogna Premium Australian Ham off the Bone – Sliced or Shaved – From the Deli,$29.00,,,$7.00,Save,$7.00,Offer valid Wed 16 Oct - Tue 22 Oct 2024,$2.90 per 100g,NA
Red Rock Deli Dips 135g,$4.00,,,$1.00,Save,$1.00,Offer valid Wed 16 Oct - Tue 22 Oct 2024,$2.96 per 100g,NA
Rokeby Farms Protein Smoothie 425ml,$2.70,,,$1.90,"40% off, Save",$1.90,Offer valid Wed 16 Oct - Tue 22 Oct 2024,$6.35 per litre,NA
"Bega Block, Grated or Slice Cheese 250-300g",$6.00,,,$1.50,Save,$1.50,Offer valid Wed 16 Oct - Tue 22 Oct 2024,NA,NA
Flora ProActiv 750g,$10.80,,,$1.20,Save,$1.20,Offer valid Wed 16 Oct - Tue 22 Oct 2024,$1.44 per 100g,NA
Primo Reserve Snacking 45g,$3.50,,,$1.00,Save,$1.00,Offer valid Wed 16 Oct - Tue 22 Oct 2024,$77.78 per kg,NA
Primo Paw Patrol Snacking 38g,$3.00,,,$0.50,Save,$0.50,Offer valid Wed 16 Oct - Tue 22 Oct 2024,$78.95 per kg,NA
Gippsland Dairy Twist Yogurt 700g – From the Fridge,$6.30,,,$1.60,Save,$1.60,Offer valid Wed 16 Oct - Tue 22 Oct 2024,90¢ per 100g,NA
Tamar Valley Kids Yoghurt Pouch 110g – From the Fridge,$1.50,,,$0.90,Save,$0.90,Offer valid Wed 16 Oct - Tue 22 Oct 2024,$1.36 per 100g,NA
Danone Ultimate Double Cream Yoghurt 4 x 115g – From the Fridge,$4.00,,,$1.75,Save,$1.75,Offer valid Wed 16 Oct - Tue 22 Oct 2024,87¢ per 100g,NA
Gippsland Dairy Yoghurt Mix-Ins 140g – From the Fridge,$2.75,,,$1.10,Save,$1.10,Offer valid Wed 16 Oct - Tue 22 Oct 2024,$1.96 per 100g,NA
Bega Tasty Cheese & Crackers 112g Pk 4 – From the Fridge,$6.30,,,$7.00,Was,$7.00,Offer valid Wed 16 Oct - Tue 22 Oct 2024,$56.25 per kg,NA
"Bega Block, Grated or Slice Cheese 250-300g – From the Fridge",$6.00,,,$1.50,Save,$1.50,Offer valid Wed 16 Oct - Tue 22 Oct 2024,NA,NA
Don Thin Frankfurts – From the Deli,$7.90,,,$1.60,Save,$1.60,Offer valid Wed 16 Oct - Tue 22 Oct 2024,79¢ per 100g,NA
La Tosca Fresh Lasagne Sheets 375g – From the Fridge,$4.00,,,NA,Everyday Low Price,NA,Offer valid Wed 16 Oct - Tue 22 Oct 2024,$1.07 per 100g,NA
Hillview Shredded Cheese 700g – From the Fridge,$9.50,,,NA,Everyday Low Price,NA,Offer valid Wed 16 Oct - Tue 22 Oct 2024,$13.57 per kg,NA
Global Bakehouse Value Garlic Bread 450g – From the Fridge,$2.30,,,NA,Everyday Low Price,NA,Offer valid Wed 16 Oct - Tue 22 Oct 2024,51¢ per 100g,NA
Essentials Table Spread 500g – From the Fridge,$2.20,,,NA,Everyday Low Price,NA,Offer valid Wed 16 Oct - Tue 22 Oct 2024,44¢ per 100g,NA
Woolworths Whipped Cream 250g – From the Fridge,$5.60,,,NA,Everyday Low Price,NA,Offer valid Wed 16 Oct - Tue 22 Oct 2024,$2.24 per 100g,NA
Dairy Farmers Thick & Creamy Yoghurt Pots 140-150g – From the Fridge,$1.70,,,$2.60,Range was,$2.60,Offer valid Wed 16 Oct - Tue 22 Oct 2024,NA,NA
Vaalia Probiotics Kids Yoghurt Pouch 140g – From the Fridge,$2.00,,,$2.40,Range was,$2.40,Offer valid Wed 16 Oct - Tue 22 Oct 2024,$1.43 per 100g,NA
Macro Satay Tofu 200g – From the Fridge,$4.00,,,$4.50,Was,$4.50,Offer valid Wed 16 Oct - Tue 22 Oct 2024,$20 per kg,NA
Moira Mac's Shredded Chicken 420g – From the Deli,$7.00,,,$8.00,Was,$8.00,Offer valid Wed 16 Oct - Tue 22 Oct 2024,$16.67 per kg,NA
Jarlsberg Original Cheese Block 250g – From the Deli,$9.45,,,$10.50,Was,$10.50,Offer valid Wed 16 Oct - Tue 22 Oct 2024,$37.80 per kg,NA
Champagne Leg Ham –Sliced or Shaved – From the Deli,$20.00,,,$23.50,Was,$23.50,Offer valid Wed 16 Oct - Tue 22 Oct 2024,$2 per 100g,NA
Woolworths Light Tasty Shredded Cheese 500g – From the Fridge,$7.10,,,NA,Everyday Low Price,NA,Offer valid Wed 16 Oct - Tue 22 Oct 2024,$14.20 per kg,NA
"Mt Barker Roasted Carved Chicken Breast 220g, Mt Barker Pulled Chicken 200g or Mt Barker Peri Peri Diced Chicken Breast 250g – From the Fridge",$7.50,,,$1.00,Save,$1.00,Offer valid Wed 16 Oct - Tue 22 Oct 2024,NA,NA
Nescafe Coffee Mixers Pk 8-10,$3.80,,,$3.80,"1/2 Price, Save",$3.80,Offer valid Wed 16 Oct - Tue 22 Oct 2024,NA,NA
Twinings Tea Bags Pk 80-100,$6.75,,,$6.75,"1/2 Price, Save",$6.75,Offer valid Wed 16 Oct - Tue 22 Oct 2024,NA,NA
V8 Breakfast Juice 1.25 Litre,$2.75,,,$2.75,"1/2 Price, Save",$2.75,Offer valid Wed 16 Oct - Tue 22 Oct 2024,$2.20 per litre,NA
Bubly Sparkling Water 8 x 375ml,$8.25,,,$8.25,"1/2 Price, Save",$8.25,Offer valid Wed 16 Oct - Tue 22 Oct 2024,$2.75 per litre,NA
Lipton Iced Tea 6 x 240ml,$5.00,,,$5.00,"1/2 Price, Save",$5.00,Offer valid Wed 16 Oct - Tue 22 Oct 2024,$3.47 per litre,NA
Red Bull Energy Drink 4 x 250ml,$6.00,,,$6.00,"1/2 Price, Save",$6.00,Offer valid Wed 16 Oct - Tue 22 Oct 2024,$6 per litre,NA
Coca-Cola Classic or Zero Sugar Soft Drink Glass Bottle Varieties 4 x 330ml,$6.40,,,$2.75,Save,$2.75,Offer valid Wed 16 Oct - Tue 22 Oct 2024,$4.85 per litre,NA
"Coca-Cola Classic, Diet or Zero Sugar Soft Drink Varieties 30 x 375ml",$28.30,,,$18.90,"40% off, Save",$18.90,Offer valid Wed 16 Oct - Tue 22 Oct 2024,$2.52 per litre,NA
Sanitarium Up & Go Liquid Breakfast Fridge Pack 12 x 250ml,$17.50,,,NA,Everyday Low Price,NA,Offer valid Wed 16 Oct - Tue 22 Oct 2024,$5.83 per litre,NA
Nudie Nothing But Oranges 2 Litre,$8.50,,,$1.00,Save,$1.00,Offer valid Wed 16 Oct - Tue 22 Oct 2024,$4.25 per litre,NA
So Good Barista Almond Milk 1 Litre,$3.00,,,$1.00,Save,$1.00,Offer valid Wed 16 Oct - Tue 22 Oct 2024,$3 per litre,NA
Nescafe Blend 43 Coffee 500g,$18.00,,,$8.00,Save,$8.00,Offer valid Wed 16 Oct - Tue 22 Oct 2024,$3.60 per 100g,NA
Grinders Coffee Beans 1 kg,$21.00,,,$14.00,"40% off, Save",$14.00,Offer valid Wed 16 Oct - Tue 22 Oct 2024,$2.10 per 100g,NA
Nescafe Farmers Origin Pods Pk 10,$4.50,,,$2.50,Save,$2.50,Offer valid Wed 16 Oct - Tue 22 Oct 2024,45¢ per ea,NA
Nescafe Gold Coffee 200g,$11.00,,,$5.00,Save,$5.00,Offer valid Wed 16 Oct - Tue 22 Oct 2024,$5.50 per 100g,NA
Nescafe Concentrates 500ml,$7.70,,,$3.30,Save,$3.30,Offer valid Wed 16 Oct - Tue 22 Oct 2024,$15.40 per 100ml,NA
Gatorade Sports Drink or G-Active Flavoured Water 600ml,$2.00,,,$2.00,"1/2 Price, Save",$2.00,Offer valid Wed 16 Oct - Tue 22 Oct 2024,$3.33 per litre,NA
Fanta Soft Drink Varieties 1.25 Litre,$2.30,,,$1.55,"40% off, Save",$1.55,Offer valid Wed 16 Oct - Tue 22 Oct 2024,$1.84 per litre,NA
"Pepsi Max, Schweppes Lemonade, Solo or Sunkist 6 x 275ml",$5.00,,,$4.00,"40% off, Save",$4.00,Offer valid Wed 16 Oct - Tue 22 Oct 2024,$3.03 per litre,NA
Mount Franklin Lightly Sparkling Water 10 x 375ml,$11.40,,,$7.60,"40% off, Save",$7.60,Offer valid Wed 16 Oct - Tue 22 Oct 2024,$3.04 per litre,NA
Mother Energy Drink 4 x 500ml,$7.50,,,$5.05,"40% off, Save",$5.05,Offer valid Wed 16 Oct - Tue 22 Oct 2024,$3.75 per litre,NA
"Pepsi Max, Solo No Sugar, Mountain Dew No Sugar, Sunkist No Sugar or Schweppes Lemonade Zero Soft Drink Can Varieties 24 x 375ml",$20.90,,,$13.95,"40% off, Save",$13.95,Offer valid Wed 16 Oct - Tue 22 Oct 2024,$2.32 per litre,NA
Schweppes Soft Drinks or Mixer Varieties 1.1 Litre,$2.00,,,$1.00,Save,$1.00,Offer valid Wed 16 Oct - Tue 22 Oct 2024,$1.82 per litre,NA
Peters Twin Pole 544-590ml Pk 8 – From the Freezer,$4.00,,,$4.00,"1/2 Price, Save",$4.00,Offer valid Wed 16 Oct - Tue 22 Oct 2024,NA,NA
Weis Ice Cream Bars 264-280ml Pk 4-6 – From the Freezer,$5.70,,,$3.80,"40% off, Save",$3.80,Offer valid Wed 16 Oct - Tue 22 Oct 2024,NA,NA
Tillamook Ice Cream Varieties 457ml – From the Freezer,$7.50,,,$2.50,Save,$2.50,Offer valid Wed 16 Oct - Tue 22 Oct 2024,$1.64 per 100ml,NA
Streets Magnum or Magnum Minis 330-428ml Pk 4-6 – From the Freezer,$6.60,,,$4.40,"40% off, Save",$4.40,Offer valid Wed 16 Oct - Tue 22 Oct 2024,NA,NA
I&J Snacking Varieties 250-360g,$5.50,,,$2.50,Save,$2.50,Offer valid Wed 16 Oct - Tue 22 Oct 2024,NA,NA
I&J Fish Fillets 425g,$5.50,,,$1.50,Save,$1.50,Offer valid Wed 16 Oct - Tue 22 Oct 2024,$12.94 per kg,NA
Birds Eye Seasoned Sides 600g,$4.20,,,$2.80,Save,$2.80,Offer valid Wed 16 Oct - Tue 22 Oct 2024,$7 per kg,NA
Birds Eye Golden Crunch Sidewinders or Lattice Potato Chips 750g,$5.60,,,$1.40,Save,$1.40,Offer valid Wed 16 Oct - Tue 22 Oct 2024,$7.47 per kg,NA
Lamb Weston Original or Salt & Vinegar Mini Potato Cakes-Scallops 500g,$5.90,,,$1.60,Save,$1.60,Offer valid Wed 16 Oct - Tue 22 Oct 2024,$11.80 per kg,NA
McCain Family Pizza 490-500g,$5.90,,,$2.60,Save,$2.60,Offer valid Wed 16 Oct - Tue 22 Oct 2024,NA,NA
Four’N Twenty Traditional Pies 700g Pk 4,$7.20,,,$1.80,Save,$1.80,Offer valid Wed 16 Oct - Tue 22 Oct 2024,$1.03 per 100g,NA
McCain Pub Size Meals 480-500g,$7.50,,,$2.00,Save,$2.00,Offer valid Wed 16 Oct - Tue 22 Oct 2024,NA,NA
McCain Beer Batter Chips or Wedges 750g,$4.50,,,$5.20,Range was,$5.20,Offer valid Wed 16 Oct - Tue 22 Oct 2024,$6 per kg,NA
Peters Maxibon 560ml Pk 4,$7.00,,,$10.50,Range was,$10.50,Offer valid Wed 16 Oct - Tue 22 Oct 2024,$1.25 per 100ml,NA
Peters Drumstick Ice Cream 475-490ml Pk 4-6 – Excludes Plant Based – From the Freezer,$4.75,,,$4.75,"1/2 Price, Save",$4.75,Offer valid Wed 16 Oct - Tue 22 Oct 2024,NA,NA
Australian Kensington Pride Mangoes,$2.50,,,NA,NA,NA,Offer valid Wed 16 Oct - Tue 22 Oct 2024,NA,NA
Australian Blueberries 170g Punnet,$3.00,,,NA,NA,NA,Offer valid Wed 16 Oct - Tue 22 Oct 2024,$17.65 per kg,NA
Australian Seedless Delite™ Mandarins,$3.90,,,NA,NA,NA,Offer valid Wed 16 Oct - Tue 22 Oct 2024,NA,NA
Australian Pink Lady Apples,$3.90,,,NA,NA,NA,Offer valid Wed 16 Oct - Tue 22 Oct 2024,NA,NA
Green Kiwi Pk 8 – Product of New Zealand,$5.90,,,NA,NA,NA,Offer valid Wed 16 Oct - Tue 22 Oct 2024,74¢ each,NA
Australian Kids Mini Bananas Pk 5,$3.00,,,NA,NA,NA,Offer valid Wed 16 Oct - Tue 22 Oct 2024,60¢ each,NA
Australian Continental Cucumber,$1.30,,,NA,NA,NA,Offer valid Wed 16 Oct - Tue 22 Oct 2024,NA,NA
Australian Qukes® Baby Cucumbers 250g Pack,$3.00,,,NA,NA,NA,Offer valid Wed 16 Oct - Tue 22 Oct 2024,$12 per kg,NA
Australian Sweet Corn 500g Pack,$3.50,,,NA,NA,NA,Offer valid Wed 16 Oct - Tue 22 Oct 2024,$7 per kg,NA
Australian Truss Tomatoes,$4.90,,,NA,NA,NA,Offer valid Wed 16 Oct - Tue 22 Oct 2024,NA,NA
Australian Snackables Carrots 250g Pack,$3.00,,,NA,NA,NA,Offer valid Wed 16 Oct - Tue 22 Oct 2024,$12 per kg,NA
Swisse Ultiboost Magnesium Tablets Pk 200~,$24.75,,,$24.75,"1/2 Price, Save",$24.75,Offer valid Wed 16 Oct - Tue 22 Oct 2024,$12.38 per 100 ea,NA
Swisse Ultiboost Vitamin D Capsules Pk 400~,$19.75,,,$19.75,"1/2 Price, Save",$19.75,Offer valid Wed 16 Oct - Tue 22 Oct 2024,$4.94 per 100 ea,NA
Swisse Ultiboost Iron Tablets Pk 30~,$7.50,,,$7.50,"1/2 Price, Save",$7.50,Offer valid Wed 16 Oct - Tue 22 Oct 2024,$25 per 100 ea,NA
Swisse Ultivite Men’s Multivitamin Tablets Pk 100~,$29.75,,,$29.75,"1/2 Price, Save",$29.75,Offer valid Wed 16 Oct - Tue 22 Oct 2024,$29.75 per 100 ea,NA
"Swisse Ultiboost Magnesium, Calcium + Vitamin D3 Tablets Pk 120~",$14.75,,,$14.75,"1/2 Price, Save",$14.75,Offer valid Wed 16 Oct - Tue 22 Oct 2024,$12.29 per 100 ea,NA
Swisse Ultivite Women’s Multivitamin Tablets Pk 100~,$29.75,,,$29.75,"1/2 Price, Save",$29.75,Offer valid Wed 16 Oct - Tue 22 Oct 2024,$29.75 per 100 ea,NA
Nivea Protect & Moisture Lock SPF50+ Sunscreen Lotion 100ml†,$7.50,,,$7.50,"1/2 Price, Save",$7.50,Offer valid Wed 16 Oct - Tue 22 Oct 2024,$7.50 per 100ml,NA
Nivea Hydro Care Lip Balm with SPF15 4.8g†,$2.50,,,$2.50,"1/2 Price, Save",$2.50,Offer valid Wed 16 Oct - Tue 22 Oct 2024,$5.21 per 10g,NA
Banana Boat Sport Sunscreen Lotion SPF50+ 100g†,$6.85,,,$6.90,"1/2 Price, Save",$6.90,Offer valid Wed 16 Oct - Tue 22 Oct 2024,$6.85 per 100g,NA
Banana Boat Kids Trigger Sunscreen Lotion SPF50+ 240ml†,$11.00,,,$11.00,"1/2 Price, Save",$11.00,Offer valid Wed 16 Oct - Tue 22 Oct 2024,$4.58 per 100ml,NA
Banana Boat Ultra Sunscreen Spray SPF50+ 175g†,$11.00,,,$11.00,"1/2 Price, Save",$11.00,Offer valid Wed 16 Oct - Tue 22 Oct 2024,$6.29 per 100g,NA
Banana Boat Moisturising Sunscreen Lotion SPF50+ 200g†,$9.50,,,$9.50,"1/2 Price, Save",$9.50,Offer valid Wed 16 Oct - Tue 22 Oct 2024,$4.75 per 100g,NA
Neutrogena Ultra Sheer Face Lotion Sunscreen SPF50 88ml†,$11.00,,,$11.00,"1/2 Price, Save",$11.00,Offer valid Wed 16 Oct - Tue 22 Oct 2024,$12.50 per 100ml,NA
Musashi High Protein Powder 900g#,$32.50,,,$32.50,"1/2 Price, Save",$32.50,Offer valid Wed 16 Oct - Tue 22 Oct 2024,$3.61 per 100g,NA
Musashi 100% Whey Protein Powder 900g#,$34.00,,,$34.00,"1/2 Price, Save",$34.00,Offer valid Wed 16 Oct - Tue 22 Oct 2024,$3.78 per 100g,NA
Healthy Mummy Tummy Smoothie 350g#,$17.45,,,$17.54,"1/2 Price, Save",$17.54,Offer valid Wed 16 Oct - Tue 22 Oct 2024,$4.99 per 100g,NA
C4 Sport Pre Workout Powder 285g#,$24.00,,,$24.00,"1/2 Price, Save",$24.00,Offer valid Wed 16 Oct - Tue 22 Oct 2024,$8.42 per 100g,NA
BSc K-OS Pre Workout Blue Gummies 300g#,$22.50,,,$22.50,"1/2 Price, Save",$22.50,Offer valid Wed 16 Oct - Tue 22 Oct 2024,$7.50 per 100g,NA
Musashi Electrolytes 300g#,$13.50,,,$13.50,"1/2 Price, Save",$13.50,Offer valid Wed 16 Oct - Tue 22 Oct 2024,$4.50 per 100g,NA
BSc Triandrobol Test Tablets Pk 60#,$27.50,,,$27.50,"1/2 Price, Save",$27.50,Offer valid Wed 16 Oct - Tue 22 Oct 2024,$45.83 per 100 ea,NA
SUP Creatine Gummies Pk 35#,$13.50,,,$13.50,"1/2 Price, Save",$13.50,Offer valid Wed 16 Oct - Tue 22 Oct 2024,39¢ per ea,NA
Musashi Creatine Unflavoured 350g#,$22.50,,,$22.50,"1/2 Price, Save",$22.50,Offer valid Wed 16 Oct - Tue 22 Oct 2024,$6.43 per 100g,NA
BSc Pure Creatine 200g#,$14.00,,,$14.00,"1/2 Price, Save",$14.00,Offer valid Wed 16 Oct - Tue 22 Oct 2024,$7 per 100g,NA
Tena Liners Extra Long Pk 24,$3.85,,,$1.65,"30% off, Save",$1.65,Offer valid Wed 16 Oct - Tue 22 Oct 2024,16¢ per ea,NA
Poise Liners Extra Long Pk 22,$4.30,,,$1.85,"30% off, Save",$1.85,Offer valid Wed 16 Oct - Tue 22 Oct 2024,20¢ per ea,NA
Depend Real Fit for Women Underwear Pk 8,$10.00,,,$4.40,"30% off, Save",$4.40,Offer valid Wed 16 Oct - Tue 22 Oct 2024,$1.25 per ea,NA
Always Discreet Active Pads Pk 10,$6.50,,,$2.80,"30% off, Save",$2.80,Offer valid Wed 16 Oct - Tue 22 Oct 2024,65¢ per ea,NA
Tena Liners Pk 18,$2.55,,,$1.15,"30% off, Save",$1.15,Offer valid Wed 16 Oct - Tue 22 Oct 2024,14¢ per ea,NA
Tena Instadry Long Pads Pk 8,$4.40,,,$1.90,"30% off, Save",$1.90,Offer valid Wed 16 Oct - Tue 22 Oct 2024,55¢ per ea,NA
Tena Discreet Underwear Pk 10,$12.30,,,$5.30,"30% off, Save",$5.30,Offer valid Wed 16 Oct - Tue 22 Oct 2024,$1.23 per ea,NA
Poise Pads Pk 8-16,$4.85,,,$2.10,"30% off, Save",$2.10,Offer valid Wed 16 Oct - Tue 22 Oct 2024,NA,NA
Always Discreet Incontinence Pads Pk 10-12,$6.30,,,$2.70,"30% off, Save",$2.70,Offer valid Wed 16 Oct - Tue 22 Oct 2024,NA,NA
Depend Real Fit Night Defence Underwear for Women Pk 8,$11.90,,,$5.10,"30% off, Save",$5.10,Offer valid Wed 16 Oct - Tue 22 Oct 2024,$1.49 per ea,NA
Depend Real Fit for Men Underwear Pk 8,$10.85,,,$4.65,"30% off, Save",$4.65,Offer valid Wed 16 Oct - Tue 22 Oct 2024,$1.36 per ea,NA
Musashi High Protein Bar 90g#,$3.00,,,$3.00,"1/2 Price, Save",$3.00,Offer valid Wed 16 Oct - Tue 22 Oct 2024,$3.33 per 100g,NA
Musashi Protein Crisp 60g#,$2.25,,,$2.25,"1/2 Price, Save",$2.25,Offer valid Wed 16 Oct - Tue 22 Oct 2024,$3.75 per 100g,NA
Musashi Protein Wafer 40g#,$2.00,,,$2.00,"1/2 Price, Save",$2.00,Offer valid Wed 16 Oct - Tue 22 Oct 2024,$5 per 100g,NA
BSc Low Carb High Protein Bar 60g or Low Carb Mousse Bar 55g#,$2.25,,,$2.25,"1/2 Price, Save",$2.25,Offer valid Wed 16 Oct - Tue 22 Oct 2024,NA,NA
Muscle Nation Protein Custard Bar 60g or Cheesecake Bar 50g#,$2.25,,,$2.25,"1/2 Price, Save",$2.25,Offer valid Wed 16 Oct - Tue 22 Oct 2024,NA,NA
The Man or Lady Bar 50g#,$2.25,,,$2.25,"1/2 Price, Save",$2.25,Offer valid Wed 16 Oct - Tue 22 Oct 2024,$4.50 per 100g,NA
Atkins Endulge Bars Pk 5#,$7.50,,,$7.50,"1/2 Price, Save",$7.50,Offer valid Wed 16 Oct - Tue 22 Oct 2024,$1.50 per ea,NA
Grenade Oreo Protein Bar 60g#,$2.50,,,$2.50,"1/2 Price, Save",$2.50,Offer valid Wed 16 Oct - Tue 22 Oct 2024,$4.17 per 100g,NA
Quest Protein Bar 60g#,$2.40,,,$2.40,"1/2 Price, Save",$2.40,Offer valid Wed 16 Oct - Tue 22 Oct 2024,$4 per 100g,NA
Crankt Protein + Energy Bar 60g#,$2.25,,,$2.25,"1/2 Price, Save",$2.25,Offer valid Wed 16 Oct - Tue 22 Oct 2024,$3.75 per 100g,NA
BSc High Protein Powder 800g#,$27.50,,,$27.50,"1/2 Price, Save",$27.50,Offer valid Wed 16 Oct - Tue 22 Oct 2024,$3.44 per 100g,NA
Muscletech Nitrotech Whey Protein 690g#,$24.50,,,$24.50,"1/2 Price, Save",$24.50,Offer valid Wed 16 Oct - Tue 22 Oct 2024,$3.55 per 100g,NA
Keep It Cleaner Protein Powder 375g#,$16.50,,,$16.50,"1/2 Price, Save",$16.50,Offer valid Wed 16 Oct - Tue 22 Oct 2024,$4.40 per 100g,NA
Fat Blaster Weight Loss Shake 465g#,$14.00,,,$14.00,"1/2 Price, Save",$14.00,Offer valid Wed 16 Oct - Tue 22 Oct 2024,$3.01 per 100g,NA
Nature’s Way Protein Powder 375g#,$11.25,,,$11.25,"1/2 Price, Save",$11.25,Offer valid Wed 16 Oct - Tue 22 Oct 2024,$3 per 100g,NA
Muscle Nation Protein Water Powder 300g#,$17.50,,,$17.50,"1/2 Price, Save",$17.50,Offer valid Wed 16 Oct - Tue 22 Oct 2024,$5.83 per 100g,NA
Musashi Pre Workout Powder 225g#,$20.00,,,$20.00,"1/2 Price, Save",$20.00,Offer valid Wed 16 Oct - Tue 22 Oct 2024,$8.89 per 100g,NA
BSc Shred Carnitine Watermelon 300g#,$27.50,,,$27.50,"1/2 Price, Save",$27.50,Offer valid Wed 16 Oct - Tue 22 Oct 2024,$9.17 per 100g,NA
Musashi Energy Drink 500ml#,$2.25,,,$2.25,"1/2 Price, Save",$2.25,Offer valid Wed 16 Oct - Tue 22 Oct 2024,45¢ per 100ml,NA
Musashi Shred & Burn Ready to Drink Shake 375ml#,$2.75,,,$2.75,"1/2 Price, Save",$2.75,Offer valid Wed 16 Oct - Tue 22 Oct 2024,73¢ per 100ml,NA
Bodie’z Protein Water 500ml#,$2.75,,,$2.75,"1/2 Price, Save",$2.75,Offer valid Wed 16 Oct - Tue 22 Oct 2024,55¢ per 100ml,NA
Vege Chips 100g – From the Health Food Aisle,$3.40,,,$1.50,Save,$1.50,Offer valid Wed 16 Oct - Tue 22 Oct 2024,$3.40 per 100g,NA
Halloween Hanging Animated Pumpkin,$24.00,,,$6.00,Save,$6.00,Offer valid Wed 25 Sep - Tue 22 Oct 2024,NA,NA
Halloween Plush Basket – Assorted,$6.00,,,$2.00,Save,$2.00,Offer valid Wed 25 Sep - Tue 22 Oct 2024,NA,NA
Halloween Felt Tote Bag – Assorted,$3.00,,,$1.00,Save,$1.00,Offer valid Wed 25 Sep - Tue 22 Oct 2024,NA,NA
Halloween Mini Plush – Assorted,$6.00,,,$2.00,Save,$2.00,Offer valid Wed 25 Sep - Tue 22 Oct 2024,NA,NA
Halloween Trick or Treat Bowl – Assorted,$2.40,,,$0.60,Save,$0.60,Offer valid Wed 25 Sep - Tue 22 Oct 2024,NA,NA
Halloween Assorted Napkins Pk 16 or Disposable Cups Pk 8,$3.00,,,NA,NA,NA,Offer valid Wed 25 Sep - Tue 22 Oct 2024,NA,NA
Halloween Assorted Disposable Plates Pk 8,$4.00,,,NA,NA,NA,Offer valid Wed 25 Sep - Tue 22 Oct 2024,NA,NA
Halloween Trick or Treat – Assorted,$4.00,,,NA,NA,NA,Offer valid Wed 25 Sep - Tue 22 Oct 2024,NA,NA
Halloween Tabletop Lantern Assorted,$16.00,,,NA,NA,NA,Offer valid Wed 25 Sep - Tue 22 Oct 2024,NA,NA
Halloween Tabletop Light Up Ghost,$12.00,,,NA,NA,NA,Offer valid Wed 25 Sep - Tue 22 Oct 2024,NA,NA
Halloween Light Up Candelabra,$10.00,,,NA,NA,NA,Offer valid Wed 25 Sep - Tue 22 Oct 2024,NA,NA
Halloween LED Pillar Candle Assorted,$7.00,,,NA,NA,NA,Offer valid Wed 25 Sep - Tue 22 Oct 2024,NA,From
Halloween Light Up Skeleton Dog,$18.00,,,NA,NA,NA,Offer valid Wed 25 Sep - Tue 22 Oct 2024,NA,NA
Halloween Light Up House,$12.00,,,NA,NA,NA,Offer valid Wed 25 Sep - Tue 22 Oct 2024,NA,NA
Halloween 3D Pom Pom Garland Assorted,$4.80,,,$1.20,Save,$1.20,Offer valid Wed 25 Sep - Tue 22 Oct 2024,NA,NA
Halloween Tinsel Cat,$10.00,,,NA,NA,NA,Offer valid Wed 25 Sep - Tue 22 Oct 2024,NA,NA
Halloween Small Animal Skeleton – Assorted,$4.80,,,$1.20,Save,$1.20,Offer valid Wed 25 Sep - Tue 22 Oct 2024,NA,NA
Halloween Mini Meerkat – Assorted,$5.60,,,$1.40,Save,$1.40,Offer valid Wed 25 Sep - Tue 22 Oct 2024,NA,NA
Halloween Small Tabletop – Assorted,$2.40,,,$0.60,Save,$0.60,Offer valid Wed 25 Sep - Tue 22 Oct 2024,NA,NA
Decor Microsafe Value Pack Pk 5,$11.50,,,$11.50,"1/2 Price, Save",$11.50,Offer valid Wed 16 Oct - Tue 22 Oct 2024,NA,NA
Halloween Skeleton Garland,$4.00,,,$1.00,Save,$1.00,Offer valid Wed 25 Sep - Tue 22 Oct 2024,NA,NA
Halloween Tinsel Tabletop – Assorted,$3.20,,,$0.80,Save,$0.80,Offer valid Wed 25 Sep - Tue 22 Oct 2024,NA,NA
Halloween 18 LED Lights Bat,$6.40,,,$1.60,Save,$1.60,Offer valid Wed 25 Sep - Tue 22 Oct 2024,NA,NA
Halloween Light Up Spider Decoration,$12.00,,,$3.00,Save,$3.00,Offer valid Wed 25 Sep - Tue 22 Oct 2024,NA,NA
Halloween Light Projector,$16.00,,,$4.00,Save,$4.00,Offer valid Wed 25 Sep - Tue 22 Oct 2024,NA,NA
Halloween Solar Trick or Treat Garden Sign,$12.00,,,$3.00,Save,$3.00,Offer valid Wed 25 Sep - Tue 22 Oct 2024,NA,NA
Halloween Tombstone RIP,$8.00,,,$2.00,Save,$2.00,Offer valid Wed 25 Sep - Tue 22 Oct 2024,NA,NA
Halloween Costume Adult Vampire,$15.00,,,$5.00,Save,$5.00,Offer valid Wed 25 Sep - Tue 22 Oct 2024,NA,NA
Halloween Costume Adult Witch,$15.00,,,$5.00,Save,$5.00,Offer valid Wed 25 Sep - Tue 22 Oct 2024,NA,NA
Halloween Large Hanging Skeleton,$16.00,,,$4.00,Save,$4.00,Offer valid Wed 25 Sep - Tue 22 Oct 2024,NA,NA
Halloween Themed Headband – Assorted,$3.75,,,$1.25,Save,$1.25,Offer valid Wed 25 Sep - Tue 22 Oct 2024,NA,NA
Halloween Deluxe Mask,$6.75,,,$2.25,Save,$2.25,Offer valid Wed 25 Sep - Tue 22 Oct 2024,NA,NA
Halloween Bobble Headbands,$3.00,,,$1.00,Save,$1.00,Offer valid Wed 25 Sep - Tue 22 Oct 2024,NA,NA
Halloween Headbands – Assorted,$4.50,,,$1.50,Save,$1.50,Offer valid Wed 25 Sep - Tue 22 Oct 2024,NA,NA
Halloween Costume Toddler Unicorn,$9.75,,,$3.25,Save,$3.25,Offer valid Wed 25 Sep - Tue 22 Oct 2024,NA,NA
Halloween Adult Witches Hat,$4.50,,,$1.50,Save,$1.50,Offer valid Wed 25 Sep - Tue 22 Oct 2024,NA,NA
Halloween Licensed Costumes,$16.00,,,NA,NA,NA,Offer valid Wed 25 Sep - Tue 22 Oct 2024,NA,From
Halloween Activity & Sticker Book,$2.25,,,$0.75,Save,$0.75,Offer valid Wed 25 Sep - Tue 22 Oct 2024,NA,NA
Halloween Cupcake Set Pk 12,$2.40,,,$0.60,Save,$0.60,Offer valid Wed 25 Sep - Tue 22 Oct 2024,NA,NA
Halloween Bubbles Pk 6,$3.00,,,$1.00,Save,$1.00,Offer valid Wed 25 Sep - Tue 22 Oct 2024,NA,NA
Halloween Monster Pen – Assorted,$2.25,,,$0.75,Save,$0.75,Offer valid Wed 25 Sep - Tue 22 Oct 2024,NA,NA
Halloween DIY Paint Set Pk 2,$4.50,,,$1.50,Save,$1.50,Offer valid Wed 25 Sep - Tue 22 Oct 2024,NA,NA
Halloween Skeleton Pens Pk 4,$2.25,,,$0.75,Save,$0.75,Offer valid Wed 25 Sep - Tue 22 Oct 2024,NA,NA
Halloween Note Pad Pk 4,$2.25,,,$0.75,Save,$0.75,Offer valid Wed 25 Sep - Tue 22 Oct 2024,NA,NA
Halloween Licensed Garland Mickey,$6.00,,,NA,NA,NA,Offer valid Wed 25 Sep - Tue 22 Oct 2024,NA,NA
Disney Licensed Books,$5.00,,,NA,NA,NA,Offer valid Wed 25 Sep - Tue 22 Oct 2024,NA,From
Halloween Licensed Felt Bag Star Wars,$4.50,,,$1.50,Save,$1.50,Offer valid Wed 25 Sep - Tue 22 Oct 2024,NA,NA
Halloween Licensed Felt Bag Mickey,$4.50,,,$1.50,Save,$1.50,Offer valid Wed 25 Sep - Tue 22 Oct 2024,NA,NA
Bonds Ladies’ Cushioned Low Cut Socks Assorted Pk 3,$8.00,,,$8.00,"1/2 Price, Save",$8.00,Offer valid Wed 16 Oct - Tue 22 Oct 2024,$2.67 per ea,NA
Bonds Ladies’ Hipster Boyleg Assorted Pk 2,$12.00,,,$12.00,"1/2 Price, Save",$12.00,Offer valid Wed 16 Oct - Tue 22 Oct 2024,$6 per ea,NA
Bonds Men’s Socks 1/4 Crew Sports Assorted Pk 3,$8.00,,,$8.00,"1/2 Price, Save",$8.00,Offer valid Wed 16 Oct - Tue 22 Oct 2024,$2.67 per ea,NA
Bonds Men’s Guy Front Trunk Pk 1,$12.50,,,$12.50,"1/2 Price, Save",$12.50,Offer valid Wed 16 Oct - Tue 22 Oct 2024,$12.50 per ea,NA
Halloween Animated Dancing Dog,$20.00,,,$5.00,Save,$5.00,Offer valid Wed 25 Sep - Tue 22 Oct 2024,NA,NA
Halloween Large LED Skull,$24.00,,,$6.00,Save,$6.00,Offer valid Wed 25 Sep - Tue 22 Oct 2024,NA,NA
Halloween Bird in Cage,$17.60,,,$4.40,Save,$4.40,Offer valid Wed 25 Sep - Tue 22 Oct 2024,NA,NA
Halloween Animated Dancing Scary Plant,$16.00,,,$4.00,Save,$4.00,Offer valid Wed 25 Sep - Tue 22 Oct 2024,NA,NA
Halloween Animated Crystal Ball with Eye,$16.00,,,$4.00,Save,$4.00,Offer valid Wed 25 Sep - Tue 22 Oct 2024,NA,NA
Halloween Animated Door Bell,$16.00,,,$4.00,Save,$4.00,Offer valid Wed 25 Sep - Tue 22 Oct 2024,NA,NA
Halloween Scary Candy Bowl Pumpkin,$20.00,,,$5.00,Save,$5.00,Offer valid Wed 25 Sep - Tue 22 Oct 2024,NA,NA
Halloween Spider Web Bowl,$2.40,,,$0.60,Save,$0.60,Offer valid Wed 25 Sep - Tue 22 Oct 2024,NA,NA
Halloween Glow Finger Dress Up Accessory,$1.85,,,$0.65,Save,$0.65,Offer valid Wed 25 Sep - Tue 22 Oct 2024,NA,NA
Halloween Glow Party Pack Pk 100,$9.00,,,$3.00,Save,$3.00,Offer valid Wed 25 Sep - Tue 22 Oct 2024,NA,NA
Halloween Glow Mask or Necklace – Assorted,$1.85,,,$0.65,Save,$0.65,Offer valid Wed 25 Sep - Tue 22 Oct 2024,NA,NA
Halloween Glow Premium Hand Held Accessories – Assorted,$1.85,,,$0.65,Save,$0.65,Offer valid Wed 25 Sep - Tue 22 Oct 2024,NA,NA
Jumbo Plush Rainbow – Assorted Designs,$18.00,,,NA,NA,NA,Offer valid Wed 16 Oct - Tue 22 Oct 2024,NA,NA
Jumbo Plush Dinosaur – Assorted Designs,$18.00,,,NA,NA,NA,Offer valid Wed 16 Oct - Tue 22 Oct 2024,NA,NA
Halloween Hanging Animated Pumpkin,$24.00,,,$6.00,Save,$6.00,Offer valid Wed 16 Oct - Tue 22 Oct 2024,NA,NA
Halloween Animated Dancing Dog,$20.00,,,$5.00,Save,$5.00,Offer valid Wed 16 Oct - Tue 22 Oct 2024,NA,NA
Halloween Large LED Skull,$24.00,,,$6.00,Save,$6.00,Offer valid Wed 16 Oct - Tue 22 Oct 2024,NA,NA
Halloween Bird in Cage,$17.60,,,$4.40,Save,$4.40,Offer valid Wed 16 Oct - Tue 22 Oct 2024,NA,NA
Halloween Animated Dancing Scary Plant,$16.00,,,$4.00,Save,$4.00,Offer valid Wed 16 Oct - Tue 22 Oct 2024,NA,NA
Halloween Animated Crystal Ball with Eye,$16.00,,,$4.00,Save,$4.00,Offer valid Wed 16 Oct - Tue 22 Oct 2024,NA,NA
Halloween Animated Doorbell,$16.00,,,$4.00,Save,$4.00,Offer valid Wed 16 Oct - Tue 22 Oct 2024,NA,NA
Halloween Scary Candy Bowl Pumpkin,$20.00,,,$5.00,Save,$5.00,Offer valid Wed 16 Oct - Tue 22 Oct 2024,NA,NA
Halloween Mini Meerkat – Assorted,$5.60,,,$1.40,Save,$1.40,Offer valid Wed 16 Oct - Tue 22 Oct 2024,NA,NA
Halloween Small Animal Skeleton – Assorted,$4.80,,,$1.20,Save,$1.20,Offer valid Wed 16 Oct - Tue 22 Oct 2024,NA,NA
Halloween Small Tabletop – Assorted,$2.40,,,$0.60,Save,$0.60,Offer valid Wed 16 Oct - Tue 22 Oct 2024,NA,NA
Halloween Tinsel Tabletop– Assorted,$3.20,,,$0.80,Save,$0.80,Offer valid Wed 16 Oct - Tue 22 Oct 2024,NA,NA
Halloween Skeleton Garland,$4.00,,,$1.00,Save,$1.00,Offer valid Wed 16 Oct - Tue 22 Oct 2024,NA,NA
Halloween 18 LED Lights Bat,$6.40,,,$1.60,Save,$1.60,Offer valid Wed 16 Oct - Tue 22 Oct 2024,NA,NA
Halloween Light Up Spider Decoration,$12.00,,,$3.00,Save,$3.00,Offer valid Wed 16 Oct - Tue 22 Oct 2024,NA,NA
Halloween Light Projector,$16.00,,,$4.00,Save,$4.00,Offer valid Wed 16 Oct - Tue 22 Oct 2024,NA,NA
Halloween Solar Trick or Treat Garden Sign,$12.00,,,$3.00,Save,$3.00,Offer valid Wed 16 Oct - Tue 22 Oct 2024,NA,NA
Halloween Tombstone RIP,$8.00,,,$2.00,Save,$2.00,Offer valid Wed 16 Oct - Tue 22 Oct 2024,NA,NA
Halloween Costume Adult Vampire,$16.00,,,$4.00,Save,$4.00,Offer valid Wed 16 Oct - Tue 22 Oct 2024,NA,NA
Halloween Costume Adult Witch,$16.00,,,$4.00,Save,$4.00,Offer valid Wed 16 Oct - Tue 22 Oct 2024,NA,NA
Halloween Large Hanging Skeleton,$16.00,,,$4.00,Save,$4.00,Offer valid Wed 16 Oct - Tue 22 Oct 2024,NA,NA
Halloween Themed Headband – Assorted,$4.00,,,$1.00,Save,$1.00,Offer valid Wed 16 Oct - Tue 22 Oct 2024,NA,NA
Halloween Deluxe Mask,$7.20,,,$1.80,Save,$1.80,Offer valid Wed 16 Oct - Tue 22 Oct 2024,NA,NA
Halloween Bobble Headbands,$3.20,,,$0.80,Save,$0.80,Offer valid Wed 16 Oct - Tue 22 Oct 2024,NA,NA
Halloween Headbands – Assorted,$4.80,,,$1.20,Save,$1.20,Offer valid Wed 16 Oct - Tue 22 Oct 2024,NA,NA
Halloween Costume Todder Unicorn,$10.40,,,$2.60,Save,$2.60,Offer valid Wed 16 Oct - Tue 22 Oct 2024,NA,NA
Halloween Adult Witches Hat,$4.80,,,$1.20,Save,$1.20,Offer valid Wed 16 Oct - Tue 22 Oct 2024,NA,NA
Halloween Costume Boys 8 to 10 – Assorted,$14.40,,,$3.60,"20% off, Save",$3.60,Offer valid Wed 16 Oct - Tue 22 Oct 2024,NA,NA
Halloween Costume Girls 6 to 8 – Assorted,$12.80,,,$3.20,"20% off, Save",$3.20,Offer valid Wed 16 Oct - Tue 22 Oct 2024,NA,NA
Halloween Costume Boys 6 to 8 – Assorted,$12.80,,,$3.20,"20% off, Save",$3.20,Offer valid Wed 16 Oct - Tue 22 Oct 2024,NA,NA
Halloween Costume Girls 11 to 13 – Assorted,$14.40,,,$3.60,"20% off, Save",$3.60,Offer valid Wed 16 Oct - Tue 22 Oct 2024,NA,NA
Halloween Glow Finger Dress Up Accessory,$1.85,,,$0.65,Save,$0.65,Offer valid Wed 16 Oct - Tue 22 Oct 2024,NA,NA
Halloween Glow Party Pack Pk 100,$9.00,,,$3.00,Save,$3.00,Offer valid Wed 16 Oct - Tue 22 Oct 2024,NA,NA
Halloween Glow Mask or Necklace – Assorted,$1.85,,,$0.65,Save,$0.65,Offer valid Wed 16 Oct - Tue 22 Oct 2024,NA,NA
Halloween Glow Premium Hand Held Accessories – Assorted,$1.85,,,$0.65,Save,$0.65,Offer valid Wed 16 Oct - Tue 22 Oct 2024,NA,NA
Viva Paper Towel Pk 2,$2.25,,,$2.25,"1/2 Price, Save",$2.25,Offer valid Wed 16 Oct - Tue 22 Oct 2024,$1.88 per 100 sheets,NA
Comfort Fragrance Collection Fabric Conditioner 900ml,$5.00,,,$5.00,"1/2 Price, Save",$5.00,Offer valid Wed 16 Oct - Tue 22 Oct 2024,56¢ per 100ml,NA
Comfort Ultra-Care or Expert Fabric Conditioner 900ml,$5.50,,,$5.50,"1/2 Price, Save",$5.50,Offer valid Wed 16 Oct - Tue 22 Oct 2024,61¢ per 100ml,NA
Comfort In-Wash Scent Booster 200g,$7.00,,,$7.00,"1/2 Price, Save",$7.00,Offer valid Wed 16 Oct - Tue 22 Oct 2024,$3.50 per 100g,NA
Comfort Laundry Detergent 2 Litre,$12.50,,,$12.50,"1/2 Price, Save",$12.50,Offer valid Wed 16 Oct - Tue 22 Oct 2024,$6.25 per litre,NA
Morning Fresh Dishwashing Liquid 400ml,$2.75,,,$2.75,"1/2 Price, Save",$2.75,Offer valid Wed 16 Oct - Tue 22 Oct 2024,69¢ per 100ml,NA
Harpic Fresh Power Toilet Liquid 700ml,$3.50,,,$3.50,"1/2 Price, Save",$3.50,Offer valid Wed 16 Oct - Tue 22 Oct 2024,50¢ per 100ml,NA
Glen 20 Disinfectant Spray 375g,$5.75,,,$5.75,"1/2 Price, Save",$5.75,Offer valid Wed 16 Oct - Tue 22 Oct 2024,$1.53 per 100g,NA
Dynamo Professional Laundry Liquid 2 Litre,$14.50,,,$14.50,"1/2 Price, Save",$14.50,Offer valid Wed 16 Oct - Tue 22 Oct 2024,$7.25 per litre,NA
Vanish Gold Pro Stain Remover Powder 2 kg,$18.00,,,$18.00,"1/2 Price, Save",$18.00,Offer valid Wed 16 Oct - Tue 22 Oct 2024,$9 per kg,NA
Finish Ultimate Material Care Dishwasher Tablets Pk 70,$35.00,,,$35.00,"1/2 Price, Save",$35.00,Offer valid Wed 16 Oct - Tue 22 Oct 2024,50¢ per ea,NA
Comfort x Dusk In-Wash Scent Booster 425g,$17.25,,,$17.25,"1/2 Price, Save",$17.25,Offer valid Wed 16 Oct - Tue 22 Oct 2024,$4.06 per 100g,NA
Passage To India Paste 150g,$1.85,,,$1.85,"1/2 Price, Save",$1.85,Offer valid Wed 16 Oct - Tue 22 Oct 2024,$1.23 per 100g,NA
Royal Feast Jasmine Rice 10 kg,$24.00,,,$24.00,"1/2 Price, Save",$24.00,Offer valid Wed 16 Oct - Tue 22 Oct 2024,24¢ per 100g,NA
Old El Paso Standard Kits 290-520g,$5.10,,,$3.40,"40% off, Save",$3.40,Offer valid Wed 16 Oct - Tue 22 Oct 2024,NA,NA
Old El Paso Premium Kits 295-418g,$5.70,,,$3.80,"40% off, Save",$3.80,Offer valid Wed 16 Oct - Tue 22 Oct 2024,NA,NA
Flora Spread 500g,$3.90,,,$1.35,Save,$1.35,Offer valid Wed 16 Oct - Tue 22 Oct 2024,78¢ per 100g,NA
Flora ProActiv 750g,$10.80,,,$1.20,Save,$1.20,Offer valid Wed 16 Oct - Tue 22 Oct 2024,$1.44 per 100g,NA
Essentials Table Spread 500g – From the Fridge,$2.20,,,NA,Everyday Low Price,NA,Offer valid Wed 16 Oct - Tue 22 Oct 2024,44¢ per 100g,NA
Primo Sliced Meats 80-100g – From the Fridge,$3.00,,,$0.95,Save,$0.95,Offer valid Wed 16 Oct - Tue 22 Oct 2024,NA,NA
Don Cocktail or Thin Frankfurts – From the Deli,$7.90,,,$1.60,Save,$1.60,Offer valid Wed 16 Oct - Tue 22 Oct 2024,79¢ per 100g,NA
D’Orsogna Middle Bacon Rashers – From the Deli,$13.50,,,$3.50,Save,$3.50,Offer valid Wed 16 Oct - Tue 22 Oct 2024,$1.35 per 100g,NA
D’Orsogna Premium Australian Ham off the Bone – Sliced or Shaved – From the Deli,$29.00,,,$7.00,Save,$7.00,Offer valid Wed 16 Oct - Tue 22 Oct 2024,$2.90 per 100g,NA
Woolworths Australian Beef Mince 500g,$5.75,,,$0.75,"10% off, Save",$0.75,Offer valid Wed 16 Oct - Tue 22 Oct 2024,$11.50 per kg,NA
Woolworths Australian Lean Beef Mince 500g,$8.00,,,$1.00,"10% off, Save",$1.00,Offer valid Wed 16 Oct - Tue 22 Oct 2024,$16 per kg,NA
Woolworths Australian Extra Lean Beef Mince Heart Smart 500g,$9.00,,,$1.00,"10% off, Save",$1.00,Offer valid Wed 16 Oct - Tue 22 Oct 2024,$18 per kg,NA
Woolworths Australian Lean Beef Mince 1 kg,$13.75,,,$1.75,"10% off, Save",$1.75,Offer valid Wed 16 Oct - Tue 22 Oct 2024,$13.75 per kg,NA
Australian Fresh RSPCA Approved Chicken Drumsticks Bulk Pack,$4.00,,,$0.50,Save,$0.50,Offer valid Wed 16 Oct - Tue 22 Oct 2024,NA,NA
Australian Pork Leg Boneless Roast,$8.00,,,$3.00,Save,$3.00,Offer valid Wed 16 Oct - Tue 22 Oct 2024,NA,NA
Australian Fresh RSPCA Approved Diced Chicken Breast 1 kg,$14.00,,,$1.50,Save,$1.50,Offer valid Wed 16 Oct - Tue 22 Oct 2024,$14 per kg,NA
Woolworths Lamb Leg Steak 540g,$14.00,,,$2.00,Save,$2.00,Offer valid Wed 16 Oct - Tue 22 Oct 2024,$25.93 per kg,NA
Australian Lamb Leg Roast,$12.00,,,$3.00,Save,$3.00,Offer valid Wed 16 Oct - Tue 22 Oct 2024,NA,NA
NEW Woolworths Australian Angus 1/4 Pound Beef Burgers 454g Pk 4,$8.00,,,$9.00,Introductory Price,$9.00,Offer valid Wed 16 Oct - Tue 22 Oct 2024,$17.62 per kg,NA
NEW Woolworths Australian Steakhouse 1/4 Pound Beef Burgers 454g Pk 4,$8.00,,,$9.00,Introductory Price,$9.00,Offer valid Wed 16 Oct - Tue 22 Oct 2024,$17.62 per kg,NA
"Woolworths BBQ Beef or Lamb, Mint & Honey Kebabs 450g",$15.00,,,$2.00,Mix & Match,$2.00,Offer valid Wed 16 Oct - Tue 22 Oct 2024,$16.67 per kg,Any 2 for
"Woolworths COOK Marinated Beef, Lamb & Pork Steaks 250-300g",$15.00,,,$1.00,Mix & Match,$1.00,Offer valid Wed 16 Oct - Tue 22 Oct 2024,NA,Any 2 for
Woolworths Meatball Varieties 400g,$15.00,,,$2.00,Mix & Match,$2.00,Offer valid Wed 16 Oct - Tue 22 Oct 2024,$18.75 per kg,Any 2 for
"Woolworths Plain Tenders 400g, Southern Style Burger 350g or Mini Garlic Kyiv Bites 400g with RSPCA Approved Chicken",$15.00,,,$1.00,Mix & Match,$1.00,Offer valid Wed 16 Oct - Tue 22 Oct 2024,NA,Any 2 for
"Macro Free Range Pork Mince 500g, Pork Scotch Fillet 300g, Pork Medallion 250g, Pork Sizzle Steak 500g or Pork Stir Fry Heart Smart 400g",$15.00,,,$1.00,Mix & Match,$1.00,Offer valid Wed 16 Oct - Tue 22 Oct 2024,NA,Any 2 for
Woolworths Lamb Souvlaki or Beef Terriyaki Strips 300g,$15.00,,,$3.00,Mix & Match,$3.00,Offer valid Wed 16 Oct - Tue 22 Oct 2024,$25 per kg,Any 2 for
Woolworths Australian Pork Sizzle Steak 400g,$8.00,,,NA,NA,NA,Offer valid Wed 16 Oct - Tue 22 Oct 2024,$20 per kg,NA
Hamper Corned Beef 340g,$6.00,,,$8.20,Was,$8.20,Offer valid Wed 16 Oct - Tue 22 Oct 2024,$17.65 per kg,NA
Peppercorn Extra Lean Beef Burgers or Sausages 450-500g,$8.00,,,$2.00,Save,$2.00,Offer valid Wed 16 Oct - Tue 22 Oct 2024,NA,NA
Don Thin Frankfurts – From the Deli,$7.90,,,$1.60,Save,$1.60,Offer valid Wed 16 Oct - Tue 22 Oct 2024,79¢ per 100g,NA
Moira Mac's Shredded Chicken 420g – From the Deli,$7.00,,,$8.00,Was,$8.00,Offer valid Wed 16 Oct - Tue 22 Oct 2024,$16.67 per kg,NA
Champagne Leg Ham –Sliced or Shaved – From the Deli,$20.00,,,$23.50,Was,$23.50,Offer valid Wed 16 Oct - Tue 22 Oct 2024,$2 per 100g,NA
Macro Grass Fed Beef or Extra Lean Beef Burgers 500g,$9.00,,,$1.00,Save,$1.00,Offer valid Wed 16 Oct - Tue 22 Oct 2024,$18 per kg,NA
Macro Grass Fed Beef or Extra Lean Beef Sausages 500g,$7.00,,,$1.00,Save,$1.00,Offer valid Wed 16 Oct - Tue 22 Oct 2024,$14 per kg,NA
Woolworths Australian Extra Lean Beef Mince Heart Smart 500g,$9.00,,,$1.00,Save,$1.00,Offer valid Wed 16 Oct - Tue 22 Oct 2024,$18 per kg,NA
"Mt Barker Roasted Carved Chicken Breast 220g, Mt Barker Pulled Chicken 200g or Mt Barker Peri Peri Diced Chicken Breast 250g – From the Fridge",$7.50,,,$1.00,Save,$1.00,Offer valid Wed 16 Oct - Tue 22 Oct 2024,NA,NA
Multix Alfoil Traditional Strength 60m,$7.00,,,$7.00,"1/2 Price, Save",$7.00,Offer valid Wed 16 Oct - Tue 22 Oct 2024,12¢ per metre,NA
Viva Paper Towel Pk 2,$2.25,,,$2.25,"1/2 Price, Save",$2.25,Offer valid Wed 16 Oct - Tue 22 Oct 2024,$1.88 per 100 sheets,NA
Breeder’s Choice Paper Cat Litter 24 Litre,$23.00,,,$7.00,Save,$7.00,Offer valid Wed 16 Oct - Tue 22 Oct 2024,96¢ per litre,NA
Total Care Cuddlechews Dog Toy,$12.60,,,$5.40,"30% off, Save",$5.40,Offer valid Wed 16 Oct - Tue 22 Oct 2024,NA,NA
Whiskas Dry Cat Food 800g,$4.90,,,$2.10,Save,$2.10,Offer valid Wed 16 Oct - Tue 22 Oct 2024,61¢ per 100g,NA
Purina One Wet Cat Food Pk 12 x 70g,$11.80,,,$5.20,Save,$5.20,Offer valid Wed 16 Oct - Tue 22 Oct 2024,$1.40 per 100g,NA
Nature’s Gift Wet Dog Food Pk 6 x 100g,$5.00,,,$3.50,Save,$3.50,Offer valid Wed 16 Oct - Tue 22 Oct 2024,83¢ per 100g,NA
Schmackos Strapz Dog Treats 500g,$11.50,,,$5.50,Save,$5.50,Offer valid Wed 16 Oct - Tue 22 Oct 2024,$2.30 per 100g,NA
Bow Wow Pigs Ears Dog Treats Pk 5,$11.00,,,$5.00,Save,$5.00,Offer valid Wed 16 Oct - Tue 22 Oct 2024,$2.20 per ea,NA
Nature’s Gift Dry Dog Food 6 kg,$16.80,,,$11.20,Save,$11.20,Offer valid Wed 16 Oct - Tue 22 Oct 2024,28¢ per 100g,NA
Dine Desire Wet Cat Food 85g,$1.50,,,$1.00,"40% off, Save",$1.00,Offer valid Wed 16 Oct - Tue 22 Oct 2024,$1.76 per 100g,NA
Dine Wet Cat Food Pk 7 x 85g,$6.00,,,$4.00,"40% off, Save",$4.00,Offer valid Wed 16 Oct - Tue 22 Oct 2024,$1.01 per 100g,NA
Dine Classic Wet Cat Food 85g,$0.95,,,$0.65,"40% off, Save",$0.65,Offer valid Wed 16 Oct - Tue 22 Oct 2024,$1.12 per 100g,NA
Optimum Wet Dog Food 680-700g,$3.50,,,$1.50,Save,$1.50,Offer valid Wed 16 Oct - Tue 22 Oct 2024,NA,NA
Optimum Dry Cat Food 2 kg,$17.50,,,$7.50,Save,$7.50,Offer valid Wed 16 Oct - Tue 22 Oct 2024,88¢ per 100g,NA
Optimum Dry Dog Food 7 kg,$22.50,,,$22.50,"1/2 Price, Save",$22.50,Offer valid Wed 16 Oct - Tue 22 Oct 2024,32¢ per 100g,NA
John West Salmon Tempters 95g,$1.65,,,$1.65,"1/2 Price, Save",$1.65,Offer valid Wed 16 Oct - Tue 22 Oct 2024,$17.37 per kg,NA
Thawed Extra Large Cooked Australian Tiger Prawns^,$28.00,,,$8.00,Save,$8.00,Offer valid Wed 16 Oct - Tue 22 Oct 2024,NA,NA
Fresh Australian Saltwater Barramundi Fillets Skin On,$24.00,,,$12.00,Save,$12.00,Offer valid Wed 16 Oct - Tue 22 Oct 2024,NA,NA
Thawed Imported Barramundi Fillets^,$17.00,,,$2.00,Save,$2.00,Offer valid Wed 16 Oct - Tue 22 Oct 2024,NA,NA
I&J Fish Fillets 425g,$5.50,,,$1.50,Save,$1.50,Offer valid Wed 16 Oct - Tue 22 Oct 2024,$12.94 per kg,NA
Sirena Tuna 95g,$2.30,,,$0.65,Save,$0.65,Offer valid Wed 16 Oct - Tue 22 Oct 2024,$24.21 per kg,NA
Optus $45 SIM Starter Kit~,$17.00,,,$28.00,"Better than 1/2 Price, Save",$28.00,Offer valid Wed 16 Oct - Tue 22 Oct 2024,NA,NA
Optus X Start 4~,$59.00,,,$20.00,Save,$20.00,Offer valid Wed 16 Oct - Tue 22 Oct 2024,NA,NA
Optus X Tap 3~,$129.00,,,$20.00,Save,$20.00,Offer valid Wed 16 Oct - Tue 22 Oct 2024,NA,NA
Optus X Pro 5G~,$139.00,,,$30.00,Save,$30.00,Offer valid Wed 16 Oct - Tue 22 Oct 2024,NA,NA
Optus Oppo A58~,$199.00,,,$50.00,Save,$50.00,Offer valid Wed 16 Oct - Tue 22 Oct 2024,NA,NA
Optus $160 SIM Starter Kit~,$99.00,,,$61.00,Save,$61.00,Offer valid Wed 16 Oct - Tue 22 Oct 2024,NA,NA
Optus $320 SIM Starter Kit~,$199.00,,,$121.00,Save,$121.00,Offer valid Wed 16 Oct - Tue 22 Oct 2024,NA,NA
Telstra T Essential§,$59.00,,,$20.00,Save,$20.00,Offer valid Wed 16 Oct - Tue 22 Oct 2024,NA,NA
Telstra T-Pro§,$99.00,,,$30.00,Save,$30.00,Offer valid Wed 16 Oct - Tue 22 Oct 2024,NA,NA
Felix $25 Starter PackΔ,$10.00,,,$15.00,"Better than 1/2 Price, Save",$15.00,Offer valid Wed 16 Oct - Tue 22 Oct 2024,NA,NA
Belong $35 Voice SIM#,$15.00,,,$20.00,"Better than 1/2 Price, Save",$20.00,Offer valid Wed 16 Oct - Tue 22 Oct 2024,NA,NA
amaysim $40 Starter Pack‡,$15.00,,,$25.00,"Better than 1/2 Price, Save",$25.00,Offer valid Wed 16 Oct - Tue 22 Oct 2024,NA,NA
Lebara $29.90 Starter Pack†,$10.00,,,$19.90,"Better than 1/2 Price, Save",$19.90,Offer valid Wed 16 Oct - Tue 22 Oct 2024,NA,NA
Nivea Antiperspirant Roll On Deodorant 50ml,$2.50,,,$2.50,"1/2 Price, Save",$2.50,Offer valid Wed 16 Oct - Tue 22 Oct 2024,$5 per 100ml,NA
Head & Shoulders Shampoo or Conditioner 660ml,$10.50,,,$10.50,"1/2 Price, Save",$10.50,Offer valid Wed 16 Oct - Tue 22 Oct 2024,$1.59 per 100ml,NA
Glow Lab Body Wash or Hand Wash Refill 900ml,$9.00,,,$9.00,"1/2 Price, Save",$9.00,Offer valid Wed 16 Oct - Tue 22 Oct 2024,$1 per 100ml,NA
Oral-B Pro-Health Whitening Toothpaste 110g,$2.75,,,$2.75,"1/2 Price, Save",$2.75,Offer valid Wed 16 Oct - Tue 22 Oct 2024,$2.50 per 100g,NA
Johnson’s Body Wash 1 Litre,$6.00,,,$6.00,"1/2 Price, Save",$6.00,Offer valid Wed 16 Oct - Tue 22 Oct 2024,60¢ per 100ml,NA
Gillette Venus Deluxe Smooth Platinum Razor,$11.50,,,$11.50,"1/2 Price, Save",$11.50,Offer valid Wed 16 Oct - Tue 22 Oct 2024,$11.50 per ea,NA
Tena Liners Extra Long Pk 24,$3.85,,,$1.65,"30% off, Save",$1.65,Offer valid Wed 16 Oct - Tue 22 Oct 2024,16¢ per ea,NA
Poise Liners Extra Long Pk 22,$4.30,,,$1.85,"30% off, Save",$1.85,Offer valid Wed 16 Oct - Tue 22 Oct 2024,20¢ per ea,NA
Depend Real Fit for Women Underwear Pk 8,$10.00,,,$4.40,"30% off, Save",$4.40,Offer valid Wed 16 Oct - Tue 22 Oct 2024,$1.25 per ea,NA
Always Discreet Active Pads Pk 10,$6.50,,,$2.80,"30% off, Save",$2.80,Offer valid Wed 16 Oct - Tue 22 Oct 2024,65¢ per ea,NA
Sensodyne Repair & Protect Whitening Toothpaste 100gΔ,$7.35,,,$4.95,"40% off, Save",$4.95,Offer valid Wed 16 Oct - Tue 22 Oct 2024,$7.35 per 100g,NA
Kleenex Complete Clean Toilet Tissue Pk 9,$4.50,,,$4.50,"1/2 Price, Save",$4.50,Offer valid Wed 16 Oct - Tue 22 Oct 2024,28¢ per 100 sheets,NA
Aveeno Shampoo or Conditioner 354ml,$9.75,,,$9.75,"1/2 Price, Save",$9.75,Offer valid Wed 16 Oct - Tue 22 Oct 2024,$2.75 per 100ml,NA
OGX Shampoo or Conditioner 385ml,$11.50,,,$11.50,"1/2 Price, Save",$11.50,Offer valid Wed 16 Oct - Tue 22 Oct 2024,$2.99 per 100ml,NA
Thanks To Nature Double Edge Safety Razor,$12.00,,,$12.00,"1/2 Price, Save",$12.00,Offer valid Wed 16 Oct - Tue 22 Oct 2024,$12 per ea,NA
Tena Liners Pk 18,$2.55,,,$1.15,"30% off, Save",$1.15,Offer valid Wed 16 Oct - Tue 22 Oct 2024,14¢ per ea,NA
Tena Instadry Long Pads Pk 8,$4.40,,,$1.90,"30% off, Save",$1.90,Offer valid Wed 16 Oct - Tue 22 Oct 2024,55¢ per ea,NA
Tena Discreet Underwear Pk 10,$12.30,,,$5.30,"30% off, Save",$5.30,Offer valid Wed 16 Oct - Tue 22 Oct 2024,$1.23 per ea,NA
Poise Pads Pk 8-16,$4.85,,,$2.10,"30% off, Save",$2.10,Offer valid Wed 16 Oct - Tue 22 Oct 2024,NA,NA
Femfresh Sensitive Wash 250ml,$5.25,,,$2.25,"30% off, Save",$2.25,Offer valid Wed 16 Oct - Tue 22 Oct 2024,$2.10 per 100ml,NA
Always Discreet Incontinence Pads Pk 10-12,$6.30,,,$2.70,"30% off, Save",$2.70,Offer valid Wed 16 Oct - Tue 22 Oct 2024,NA,NA
Depend Real Fit Night Defence Underwear for Women Pk 8,$11.90,,,$5.10,"30% off, Save",$5.10,Offer valid Wed 16 Oct - Tue 22 Oct 2024,$1.49 per ea,NA
Depend Real Fit for Men Underwear Pk 8,$10.85,,,$4.65,"30% off, Save",$4.65,Offer valid Wed 16 Oct - Tue 22 Oct 2024,$1.36 per ea,NA
